logTimeStamp,logId,rel_time_ms,remote->local,log_id,log_id,section,client_id,proxy_id,flow_bps,sum_bps,session_bps,thread_index,dl_streamid,ul_streamid,ue_connid,s_connid,ue_side_init_done,s_side_init_done,session,ue_sess_idx,ue_sess_wrk_idx,ue_sess_state,ue_conn_mss,ue_conn_cwnd,ue_conn_snd_wnd,conn,ue_conn_idx,ue_conn,ue_conn_state,ue_conn_mss,ue_conn_cwnd,ue_conn_snd_wnd,ue_conn_cc_algo_name,ue_conn_srtt,ue_conn_mrtt_us,ue_conn_pacing_rate,s_conn_idx,s_conn,s_conn_state,s_conn_mss,s_conn_cwnd,s_conn_snd_wnd,s_conn_cc_algo_name,s_conn_srtt,fifo,ue_txfifo,ue_txfifo_size,ue_txfifo_queued,ue_txfifo_available,ue_txfifo_inflight,s_txfifo,s_txfifo_size,s_txfifo_queued,s_txfifo_available,s_txfifo_inflight,s_tc_txfifo_size,ue_tc_tx_fifo_size,ue_txfifo_new_chunks_len,s_txfifo_new_chunks_len,N/A
06:57:45,3,0,49669->443,847269848773,RXUE,Proxy,0,0,0,0,0,1,2147483652,5,1,0,1,1,Sess,1,1,4,0,2,4,Conn,1,0x2b9dd895a330,4,1460,63800,29312,owm_tcp_accel,121,4294967295,1522136,0,0x2b9dd895a030,4,1460,4350,28960,cubic,1,Fifo,0x2b9fa4bda790,2097152,0,2097152,0,0x2b9fa4bdb8a8,3145728,289,3145439,0,3145728,2097152,,Pool:tbd
06:57:45,10,0,49669->443,847779817615,TXUE,Proxy,0,0,0,0,0,1,2147483652,5,1,0,1,1,Sess,1,1,4,0,2,4,Conn,1,0x2b9dd895a330,4,1460,65057,31744,owm_tcp_accel,121,4294967295,1522136,0,0x2b9dd895a030,4,1460,4639,30080,cubic,1,Fifo,0x2b9fa4bda790,2097152,0,2097152,0,0x2b9fa4bdb8a8,3145728,0,3145728,0,3145728,2097152,,Pool:tbd
06:57:45,12,0,49669->443,847781740277,RXUE,Proxy,0,0,0,0,0,1,2147483652,5,1,0,1,1,Sess,1,1,4,0,2,4,Conn,1,0x2b9dd895a330,4,1460,65057,31744,owm_tcp_accel,121,4294967295,1522136,0,0x2b9dd895a030,4,1460,4639,30080,cubic,1,Fifo,0x2b9fa4bda790,2097152,0,2097152,0,0x2b9fa4bdb8a8,3145728,126,3145602,0,3145728,2097152,,Pool:tbd
06:57:45,17,0,49669->443,847903875164,RXUE,Proxy,0,0,0,0,0,1,2147483652,5,1,0,1,1,Sess,1,1,4,0,2,4,Conn,1,0x2b9dd895a330,4,1460,65315,34304,owm_tcp_accel,120,3758096383,1522136,0,0x2b9dd895a030,4,1460,4765,30080,cubic,1,Fifo,0x2b9fa4bda790,2097152,258,2096894,0,0x2b9fa4bdb8a8,3145728,153,3145575,0,3145728,2097152,,Pool:tbd
06:57:45,18,0,49669->443,847903888392,TXUE,Proxy,0,0,0,0,0,1,2147483652,5,1,0,1,1,Sess,1,1,4,0,2,4,Conn,1,0x2b9dd895a330,4,1460,65315,34304,owm_tcp_accel,120,3758096383,1522136,0,0x2b9dd895a030,4,1460,4765,30080,cubic,1,Fifo,0x2b9fa4bda790,2097152,0,2097152,0,0x2b9fa4bdb8a8,3145728,153,3145575,0,3145728,2097152,,Pool:tbd
06:57:45,23,0,49669->443,848031806220,TXUE,Proxy,0,0,0,0,0,1,2147483652,5,1,0,1,1,Sess,1,1,4,0,2,4,Conn,1,0x2b9dd895a330,4,1460,68211,40064,owm_tcp_accel,120,3288334335,1522136,0,0x2b9dd895a030,4,1460,4918,31104,cubic,1,Fifo,0x2b9fa4bda790,2097152,2094256,2896,30408,0x2b9fa4bdb8a8,3145728,0,3145728,0,3145728,2097152,,Pool:tbd
06:57:45,25,0,49669->443,848036754047,TXUE,Proxy,0,0,0,0,0,1,2147483652,5,1,0,1,1,Sess,1,1,4,0,2,4,Conn,1,0x2b9dd895a330,4,1460,71107,45824,owm_tcp_accel,121,3288334335,1522136,0,0x2b9dd895a030,4,1460,4918,31104,cubic,1,Fifo,0x2b9fa4bda790,2097152,2091360,5792,36200,0x2b9fa4bdb8a8,3145728,0,3145728,0,3145728,2097152,,Pool:tbd
06:57:45,27,0,49669->443,848041748803,TXUE,Proxy,0,0,0,0,0,1,2147483652,5,1,0,1,1,Sess,1,1,4,0,2,4,Conn,1,0x2b9dd895a330,4,1460,74003,51712,owm_tcp_accel,122,3288334335,1522136,0,0x2b9dd895a030,4,1460,4918,31104,cubic,1,Fifo,0x2b9fa4bda790,2097152,2089912,7240,41992,0x2b9fa4bdb8a8,3145728,0,3145728,0,3145728,2097152,,Pool:tbd
06:57:45,59,0,49669->443,848197746318,TXUE,Proxy,0,0,0,0,0,1,2147483652,5,1,0,1,1,Sess,1,1,4,0,2,4,Conn,1,0x2b9dd895a330,4,1460,46336,112128,owm_tcp_accel,122,3288334335,723904,0,0x2b9dd895a030,4,1460,4918,31104,cubic,1,Fifo,0x2b9fa4bda790,2097152,2075432,21720,24616,0x2b9fa4bdb8a8,3145728,0,3145728,0,3145728,2097152,,Pool:tbd
06:57:45,62,0,49669->443,848205792797,TXUE,Proxy,0,0,0,0,0,1,2147483652,5,1,0,1,1,Sess,1,1,4,0,2,4,Conn,1,0x2b9dd895a330,4,1460,88328,126976,owm_tcp_accel,122,3288334335,723904,0,0x2b9dd895a030,4,1460,4918,31104,cubic,1,Fifo,0x2b9fa4bda790,2097152,2050816,46336,28960,0x2b9fa4bdb8a8,3145728,0,3145728,0,3145728,2097152,,Pool:tbd
06:57:45,64,0,49669->443,848222795789,TXUE,Proxy,0,0,0,0,0,1,2147483652,5,1,0,1,1,Sess,1,1,4,0,2,4,Conn,1,0x2b9dd895a330,4,1460,91224,132736,owm_tcp_accel,122,3288334335,723904,0,0x2b9dd895a030,4,1460,4918,31104,cubic,1,Fifo,0x2b9fa4bda790,2097152,2047920,49232,37648,0x2b9fa4bdb8a8,3145728,0,3145728,0,3145728,2097152,,Pool:tbd
06:57:45,66,0,49669->443,848230758185,TXUE,Proxy,0,0,0,0,0,1,2147483652,5,1,0,1,1,Sess,1,1,4,0,2,4,Conn,1,0x2b9dd895a330,4,1460,92672,135680,owm_tcp_accel,122,3288334335,723904,0,0x2b9dd895a030,4,1460,4918,31104,cubic,1,Fifo,0x2b9fa4bda790,2097152,2046472,50680,40544,0x2b9fa4bdb8a8,3145728,0,3145728,0,3145728,2097152,,Pool:tbd
06:57:45,68,0,49669->443,848238738125,TXUE,Proxy,0,0,0,0,0,1,2147483652,5,1,0,1,1,Sess,1,1,4,0,2,4,Conn,1,0x2b9dd895a330,4,1460,94120,138496,owm_tcp_accel,122,3288334335,723904,0,0x2b9dd895a030,4,1460,4918,31104,cubic,1,Fifo,0x2b9fa4bda790,2097152,2045024,52128,44888,0x2b9fa4bdb8a8,3145728,0,3145728,0,3145728,2097152,,Pool:tbd
06:57:45,70,0,49669->443,848247747364,TXUE,Proxy,0,0,0,0,0,1,2147483652,5,1,0,1,1,Sess,1,1,4,0,2,4,Conn,1,0x2b9dd895a330,4,1460,95568,141440,owm_tcp_accel,122,3288334335,723904,0,0x2b9dd895a030,4,1460,4918,31104,cubic,1,Fifo,0x2b9fa4bda790,2097152,2043576,53576,49232,0x2b9fa4bdb8a8,3145728,0,3145728,0,3145728,2097152,,Pool:tbd
06:57:45,72,0,49669->443,848255728585,TXUE,Proxy,0,0,0,0,0,1,2147483652,5,1,0,1,1,Sess,1,1,4,0,2,4,Conn,1,0x2b9dd895a330,4,1460,97016,144384,owm_tcp_accel,122,3288334335,723904,0,0x2b9dd895a030,4,1460,4918,31104,cubic,1,Fifo,0x2b9fa4bda790,2097152,2042128,55024,53576,0x2b9fa4bdb8a8,3145728,0,3145728,0,3145728,2097152,,Pool:tbd
06:57:45,74,0,49669->443,848263766815,TXUE,Proxy,0,0,0,0,0,1,2147483652,5,1,0,1,1,Sess,1,1,4,0,2,4,Conn,1,0x2b9dd895a330,4,1460,98464,147200,owm_tcp_accel,122,3288334335,723904,0,0x2b9dd895a030,4,1460,4918,31104,cubic,1,Fifo,0x2b9fa4bda790,2097152,2040680,56472,57920,0x2b9fa4bdb8a8,3145728,0,3145728,0,3145728,2097152,,Pool:tbd
06:57:45,76,0,49669->443,848272753171,TXUE,Proxy,0,0,0,0,0,1,2147483652,5,1,0,1,1,Sess,1,1,4,0,2,4,Conn,1,0x2b9dd895a330,4,1460,99912,150144,owm_tcp_accel,122,3288334335,723904,0,0x2b9dd895a030,4,1460,4918,31104,cubic,1,Fifo,0x2b9fa4bda790,2097152,2039232,57920,62264,0x2b9fa4bdb8a8,3145728,0,3145728,0,3145728,2097152,,Pool:tbd
06:57:45,78,0,49669->443,848280753268,TXUE,Proxy,0,0,0,0,0,1,2147483652,5,1,0,1,1,Sess,1,1,4,0,2,4,Conn,1,0x2b9dd895a330,4,1460,101360,153088,owm_tcp_accel,122,3288334335,723904,0,0x2b9dd895a030,4,1460,4918,31104,cubic,1,Fifo,0x2b9fa4bda790,2097152,2037784,59368,66608,0x2b9fa4bdb8a8,3145728,0,3145728,0,3145728,2097152,,Pool:tbd
06:57:45,80,0,49669->443,848286744811,TXUE,Proxy,0,0,0,0,0,1,2147483652,5,1,0,1,1,Sess,1,1,4,0,2,4,Conn,1,0x2b9dd895a330,4,1460,102808,155904,owm_tcp_accel,122,3288334335,723904,0,0x2b9dd895a030,4,1460,4918,31104,cubic,1,Fifo,0x2b9fa4bda790,2097152,2036336,60816,69504,0x2b9fa4bdb8a8,3145728,0,3145728,0,3145728,2097152,,Pool:tbd
06:57:45,82,0,49669->443,848292754673,TXUE,Proxy,0,0,0,0,0,1,2147483652,5,1,0,1,1,Sess,1,1,4,0,2,4,Conn,1,0x2b9dd895a330,4,1460,102808,158848,owm_tcp_accel,122,3288334335,723904,0,0x2b9dd895a030,4,1460,4918,31104,cubic,1,Fifo,0x2b9fa4bda790,2097152,2034888,62264,72400,0x2b9fa4bdb8a8,3145728,0,3145728,0,3145728,2097152,,Pool:tbd
06:57:45,84,0,49669->443,848297745407,TXUE,Proxy,0,0,0,0,0,1,2147483652,5,1,0,1,1,Sess,1,1,4,0,2,4,Conn,1,0x2b9dd895a330,4,1460,102808,161664,owm_tcp_accel,122,3288334335,723904,0,0x2b9dd895a030,4,1460,4918,31104,cubic,1,Fifo,0x2b9fa4bda790,2097152,2033440,63712,73848,0x2b9fa4bdb8a8,3145728,0,3145728,0,3145728,2097152,,Pool:tbd
06:57:45,86,0,49669->443,848302770774,TXUE,Proxy,0,0,0,0,0,1,2147483652,5,1,0,1,1,Sess,1,1,4,0,2,4,Conn,1,0x2b9dd895a330,4,1460,102808,164608,owm_tcp_accel,122,3288334335,723904,0,0x2b9dd895a030,4,1460,4918,31104,cubic,1,Fifo,0x2b9fa4bda790,2097152,2031992,65160,76744,0x2b9fa4bdb8a8,3145728,0,3145728,0,3145728,2097152,,Pool:tbd
06:57:45,88,0,49669->443,848308767759,TXUE,Proxy,0,0,0,0,0,1,2147483652,5,1,0,1,1,Sess,1,1,4,0,2,4,Conn,1,0x2b9dd895a330,4,1460,102808,167552,owm_tcp_accel,122,3288334335,723904,0,0x2b9dd895a030,4,1460,4918,31104,cubic,1,Fifo,0x2b9fa4bda790,2097152,2030544,66608,78192,0x2b9fa4bdb8a8,3145728,0,3145728,0,3145728,2097152,,Pool:tbd
06:57:45,90,0,49669->443,848313752234,TXUE,Proxy,0,0,0,0,0,1,2147483652,5,1,0,1,1,Sess,1,1,4,0,2,4,Conn,1,0x2b9dd895a330,4,1460,102808,170368,owm_tcp_accel,122,3288334335,723904,0,0x2b9dd895a030,4,1460,4918,31104,cubic,1,Fifo,0x2b9fa4bda790,2097152,2029096,68056,81088,0x2b9fa4bdb8a8,3145728,0,3145728,0,3145728,2097152,,Pool:tbd
06:57:45,92,0,49669->443,848318756198,TXUE,Proxy,0,0,0,0,0,1,2147483652,5,1,0,1,1,Sess,1,1,4,0,2,4,Conn,1,0x2b9dd895a330,4,1460,102808,173312,owm_tcp_accel,122,3288334335,723904,0,0x2b9dd895a030,4,1460,4918,31104,cubic,1,Fifo,0x2b9fa4bda790,2097152,2027648,69504,82536,0x2b9fa4bdb8a8,3145728,0,3145728,0,3145728,2097152,,Pool:tbd
06:57:45,94,0,49669->443,848322745633,TXUE,Proxy,0,0,0,0,0,1,2147483652,5,1,0,1,1,Sess,1,1,4,0,2,4,Conn,1,0x2b9dd895a330,4,1460,102808,176256,owm_tcp_accel,122,3288334335,723904,0,0x2b9dd895a030,4,1460,4918,31104,cubic,1,Fifo,0x2b9fa4bda790,2097152,2026200,70952,83984,0x2b9fa4bdb8a8,3145728,0,3145728,0,3145728,2097152,,Pool:tbd
06:57:45,96,0,49669->443,848324741910,TXUE,Proxy,0,0,0,0,0,1,2147483652,5,1,0,1,1,Sess,1,1,4,0,2,4,Conn,1,0x2b9dd895a330,4,1460,102808,179072,owm_tcp_accel,122,3288334335,723904,0,0x2b9dd895a030,4,1460,4918,31104,cubic,1,Fifo,0x2b9fa4bda790,2097152,2024752,72400,83984,0x2b9fa4bdb8a8,3145728,0,3145728,0,3145728,2097152,,Pool:tbd
06:57:45,98,0,49669->443,848327760938,TXUE,Proxy,0,0,0,0,0,1,2147483652,5,1,0,1,1,Sess,1,1,4,0,2,4,Conn,1,0x2b9dd895a330,4,1460,102808,182016,owm_tcp_accel,122,3288334335,723904,0,0x2b9dd895a030,4,1460,4918,31104,cubic,1,Fifo,0x2b9fa4bda790,2097152,2023304,73848,83984,0x2b9fa4bdb8a8,3145728,0,3145728,0,3145728,2097152,,Pool:tbd
06:57:45,100,0,49669->443,848329773431,TXUE,Proxy,0,0,0,0,0,1,2147483652,5,1,0,1,1,Sess,1,1,4,0,2,4,Conn,1,0x2b9dd895a330,4,1460,102808,181248,owm_tcp_accel,122,3288334335,723904,0,0x2b9dd895a030,4,1460,4918,31104,cubic,1,Fifo,0x2b9fa4bda790,2097152,2021856,75296,83984,0x2b9fa4bdb8a8,3145728,0,3145728,0,3145728,2097152,,Pool:tbd
06:57:45,102,0,49669->443,848331738709,TXUE,Proxy,0,0,0,0,0,1,2147483652,5,1,0,1,1,Sess,1,1,4,0,2,4,Conn,1,0x2b9dd895a330,4,1460,102808,184832,owm_tcp_accel,122,2877292543,723904,0,0x2b9dd895a030,4,1460,4918,31104,cubic,1,Fifo,0x2b9fa4bda790,2097152,2020408,76744,83984,0x2b9fa4bdb8a8,3145728,0,3145728,0,3145728,2097152,,Pool:tbd
06:57:45,104,0,49669->443,848334734959,TXUE,Proxy,0,0,0,0,0,1,2147483652,5,1,0,1,1,Sess,1,1,4,0,2,4,Conn,1,0x2b9dd895a330,4,1460,102808,187776,owm_tcp_accel,122,2877292543,723904,0,0x2b9dd895a030,4,1460,4918,31104,cubic,1,Fifo,0x2b9fa4bda790,2097152,2018960,78192,85432,0x2b9fa4bdb8a8,3145728,0,3145728,0,3145728,2097152,,Pool:tbd
06:57:45,106,0,49669->443,848336739921,TXUE,Proxy,0,0,0,0,0,1,2147483652,5,1,0,1,1,Sess,1,1,4,0,2,4,Conn,1,0x2b9dd895a330,4,1460,102808,190720,owm_tcp_accel,122,2877292543,723904,0,0x2b9dd895a030,4,1460,4918,31104,cubic,1,Fifo,0x2b9fa4bda790,2097152,2017512,79640,85432,0x2b9fa4bdb8a8,3145728,0,3145728,0,3145728,2097152,,Pool:tbd
06:57:45,108,0,49669->443,848339769829,TXUE,Proxy,0,0,0,0,0,1,2147483652,5,1,0,1,1,Sess,1,1,4,0,2,4,Conn,1,0x2b9dd895a330,4,1460,102808,193536,owm_tcp_accel,122,2877292543,723904,0,0x2b9dd895a030,4,1460,4918,31104,cubic,1,Fifo,0x2b9fa4bda790,2097152,2016064,81088,85432,0x2b9fa4bdb8a8,3145728,0,3145728,0,3145728,2097152,,Pool:tbd
06:57:45,110,0,49669->443,848341740124,TXUE,Proxy,0,0,0,0,0,1,2147483652,5,1,0,1,1,Sess,1,1,4,0,2,4,Conn,1,0x2b9dd895a330,4,1460,102808,196480,owm_tcp_accel,122,2877292543,723904,0,0x2b9dd895a030,4,1460,4918,31104,cubic,1,Fifo,0x2b9fa4bda790,2097152,2014616,82536,85432,0x2b9fa4bdb8a8,3145728,0,3145728,0,3145728,2097152,,Pool:tbd
06:57:45,112,0,49669->443,848343733796,TXUE,Proxy,0,0,0,0,0,1,2147483652,5,1,0,1,1,Sess,1,1,4,0,2,4,Conn,1,0x2b9dd895a330,4,1460,102808,199424,owm_tcp_accel,122,2877292543,723904,0,0x2b9dd895a030,4,1460,4918,31104,cubic,1,Fifo,0x2b9fa4bda790,2097152,2013168,83984,85432,0x2b9fa4bdb8a8,3145728,0,3145728,0,3145728,2097152,,Pool:tbd
06:57:45,114,0,49669->443,848346733394,TXUE,Proxy,0,0,0,0,0,1,2147483652,5,1,0,1,1,Sess,1,1,4,0,2,4,Conn,1,0x2b9dd895a330,4,1460,102808,202240,owm_tcp_accel,122,2877292543,723904,0,0x2b9dd895a030,4,1460,4918,31104,cubic,1,Fifo,0x2b9fa4bda790,2097152,2095704,1448,85432,0x2b9fa4bdb8a8,3145728,0,3145728,0,3145728,2097152,,Pool:tbd
06:57:45,116,0,49669->443,848348736460,TXUE,Proxy,0,0,0,0,0,1,2147483652,5,1,0,1,1,Sess,1,1,4,0,2,4,Conn,1,0x2b9dd895a330,4,1460,102808,205184,owm_tcp_accel,122,2877292543,723904,0,0x2b9dd895a030,4,1460,4918,31104,cubic,1,Fifo,0x2b9fa4bda790,2097152,2094256,2896,85432,0x2b9fa4bdb8a8,3145728,0,3145728,0,3145728,2097152,,Pool:tbd
06:57:45,118,0,49669->443,848351714959,TXUE,Proxy,0,0,0,0,0,1,2147483652,5,1,0,1,1,Sess,1,1,4,0,2,4,Conn,1,0x2b9dd895a330,4,1460,104256,208000,owm_tcp_accel,122,2877292543,727572,0,0x2b9dd895a030,4,1460,4918,31104,cubic,1,Fifo,0x2b9fa4bda790,2097152,2094352,2800,86880,0x2b9fa4bdb8a8,3145728,0,3145728,0,3145728,2097152,,Pool:tbd
06:57:45,120,0,49669->443,848353719171,TXUE,Proxy,0,0,0,0,0,1,2147483652,5,1,0,1,1,Sess,1,1,4,0,2,4,Conn,1,0x2b9dd895a330,4,1460,105704,210944,owm_tcp_accel,122,2877292543,742892,0,0x2b9dd895a030,4,1460,4918,31104,cubic,1,Fifo,0x2b9fa4bda790,2097152,2092904,4248,86880,0x2b9fa4bdb8a8,3145728,0,3145728,0,3145728,2097152,,Pool:tbd
06:57:45,122,0,49669->443,848355717670,TXUE,Proxy,0,0,0,0,0,1,2147483652,5,1,0,1,1,Sess,1,1,4,0,2,4,Conn,1,0x2b9dd895a330,4,1460,107152,213888,owm_tcp_accel,122,2877292543,757780,0,0x2b9dd895a030,4,1460,4918,31104,cubic,1,Fifo,0x2b9fa4bda790,2097152,2095704,1448,86880,0x2b9fa4bdb8a8,3145728,0,3145728,0,3145728,2097152,,Pool:tbd
06:57:45,124,0,49669->443,848358717076,TXUE,Proxy,0,0,0,0,0,1,2147483652,5,1,0,1,1,Sess,1,1,4,0,2,4,Conn,1,0x2b9dd895a330,4,1460,108600,216704,owm_tcp_accel,122,2877292543,820353,0,0x2b9dd895a030,4,1460,4918,31104,cubic,1,Fifo,0x2b9fa4bda790,2097152,2094256,2896,86880,0x2b9fa4bdb8a8,3145728,0,3145728,0,3145728,2097152,,Pool:tbd
06:57:45,126,0,49669->443,848360730025,TXUE,Proxy,0,0,0,0,0,1,2147483652,5,1,0,1,1,Sess,1,1,4,0,2,4,Conn,1,0x2b9dd895a330,4,1460,110048,219648,owm_tcp_accel,122,2877292543,835456,0,0x2b9dd895a030,4,1460,4918,31104,cubic,1,Fifo,0x2b9fa4bda790,2097152,2095256,1896,86880,0x2b9fa4bdb8a8,3145728,0,3145728,0,3145728,2097152,,Pool:tbd
06:57:45,128,0,49669->443,848363765375,TXUE,Proxy,0,0,0,0,0,1,2147483652,5,1,0,1,1,Sess,1,1,4,0,2,4,Conn,1,0x2b9dd895a330,4,1460,111496,222592,owm_tcp_accel,122,2877292543,843656,0,0x2b9dd895a030,4,1460,4918,31104,cubic,1,Fifo,0x2b9fa4bda790,2097152,2095704,1448,88328,0x2b9fa4bdb8a8,3145728,0,3145728,0,3145728,2097152,,Pool:tbd
06:57:45,130,0,49669->443,848365765535,TXUE,Proxy,0,0,0,0,0,1,2147483652,5,1,0,1,1,Sess,1,1,4,0,2,4,Conn,1,0x2b9dd895a330,4,1460,112944,225408,owm_tcp_accel,122,2877292543,857896,0,0x2b9dd895a030,4,1460,4918,31104,cubic,1,Fifo,0x2b9fa4bda790,2097152,2094256,2896,88328,0x2b9fa4bdb8a8,3145728,0,3145728,0,3145728,2097152,,Pool:tbd
06:57:45,132,0,49669->443,848367744109,TXUE,Proxy,0,0,0,0,0,1,2147483652,5,1,0,1,1,Sess,1,1,4,0,2,4,Conn,1,0x2b9dd895a330,4,1460,114392,228352,owm_tcp_accel,122,2877292543,898029,0,0x2b9dd895a030,4,1460,4918,31104,cubic,1,Fifo,0x2b9fa4bda790,2097152,2092808,4344,88328,0x2b9fa4bdb8a8,3145728,0,3145728,0,3145728,2097152,,Pool:tbd
06:57:45,134,0,49669->443,848370728899,TXUE,Proxy,0,0,0,0,0,1,2147483652,5,1,0,1,1,Sess,1,1,4,0,2,4,Conn,1,0x2b9dd895a330,4,1460,115840,231168,owm_tcp_accel,122,2877292543,905150,0,0x2b9dd895a030,4,1460,4918,31104,cubic,1,Fifo,0x2b9fa4bda790,2097152,2091360,5792,89776,0x2b9fa4bdb8a8,3145728,0,3145728,0,3145728,2097152,,Pool:tbd
06:57:45,136,0,49669->443,848372728782,TXUE,Proxy,0,0,0,0,0,1,2147483652,5,1,0,1,1,Sess,1,1,4,0,2,4,Conn,1,0x2b9dd895a330,4,1460,117288,234112,owm_tcp_accel,122,2877292543,918527,0,0x2b9dd895a030,4,1460,4918,31104,cubic,1,Fifo,0x2b9fa4bda790,2097152,2091384,5768,89776,0x2b9fa4bdb8a8,3145728,0,3145728,0,3145728,2097152,,Pool:tbd
06:57:45,138,0,49669->443,848375729194,TXUE,Proxy,0,0,0,0,0,1,2147483652,5,1,0,1,1,Sess,1,1,4,0,2,4,Conn,1,0x2b9dd895a330,4,1460,118736,237056,owm_tcp_accel,123,2877292543,924785,0,0x2b9dd895a030,4,1460,4918,31104,cubic,1,Fifo,0x2b9fa4bda790,2097152,2089936,7216,91224,0x2b9fa4bdb8a8,3145728,0,3145728,0,3145728,2097152,,Pool:tbd
06:57:45,140,0,49669->443,848377727377,TXUE,Proxy,0,0,0,0,0,1,2147483652,5,1,0,1,1,Sess,1,1,4,0,2,4,Conn,1,0x2b9dd895a330,4,1460,120184,239872,owm_tcp_accel,123,2877292543,974843,0,0x2b9dd895a030,4,1460,4918,31104,cubic,1,Fifo,0x2b9fa4bda790,2097152,2088488,8664,91224,0x2b9fa4bdb8a8,3145728,0,3145728,0,3145728,2097152,,Pool:tbd
06:57:45,142,0,49669->443,848379744644,TXUE,Proxy,0,0,0,0,0,1,2147483652,5,1,0,1,1,Sess,1,1,4,0,2,4,Conn,1,0x2b9dd895a330,4,1460,121632,242816,owm_tcp_accel,123,2877292543,987358,0,0x2b9dd895a030,4,1460,4918,31104,cubic,1,Fifo,0x2b9fa4bda790,2097152,2087040,10112,92672,0x2b9fa4bdb8a8,3145728,0,3145728,0,3145728,2097152,,Pool:tbd
06:57:45,144,0,49669->443,848384733072,TXUE,Proxy,0,0,0,0,0,1,2147483652,5,1,0,1,1,Sess,1,1,4,0,2,4,Conn,1,0x2b9dd895a330,4,1460,124528,248576,owm_tcp_accel,123,2877292543,1004188,0,0x2b9dd895a030,4,1460,4918,31104,cubic,1,Fifo,0x2b9fa4bda790,2097152,2084144,13008,94120,0x2b9fa4bdb8a8,3145728,0,3145728,0,3145728,2097152,,Pool:tbd
06:57:45,146,0,49669->443,848387731567,TXUE,Proxy,0,0,0,0,0,1,2147483652,5,1,0,1,1,Sess,1,1,4,0,2,4,Conn,1,0x2b9dd895a330,4,1460,125976,251520,owm_tcp_accel,124,2877292543,1042163,0,0x2b9dd895a030,4,1460,4918,31104,cubic,1,Fifo,0x2b9fa4bda790,2097152,2082696,14456,95568,0x2b9fa4bdb8a8,3145728,0,3145728,0,3145728,2097152,,Pool:tbd
06:57:45,148,0,49669->443,848389735691,TXUE,Proxy,0,0,0,0,0,1,2147483652,5,1,0,1,1,Sess,1,1,4,0,2,4,Conn,1,0x2b9dd895a330,4,1460,127424,254336,owm_tcp_accel,124,2877292543,1053599,0,0x2b9dd895a030,4,1460,4918,31104,cubic,1,Fifo,0x2b9fa4bda790,2097152,2081248,15904,95568,0x2b9fa4bdb8a8,3145728,0,3145728,0,3145728,2097152,,Pool:tbd
06:57:45,150,0,49669->443,848391736949,TXUE,Proxy,0,0,0,0,0,1,2147483652,5,1,0,1,1,Sess,1,1,4,0,2,4,Conn,1,0x2b9dd895a330,4,1460,128872,257280,owm_tcp_accel,124,2877292543,1064819,0,0x2b9dd895a030,4,1460,4918,31104,cubic,1,Fifo,0x2b9fa4bda790,2097152,2079800,17352,97016,0x2b9fa4bdb8a8,3145728,0,3145728,0,3145728,2097152,,Pool:tbd
06:57:45,152,0,49669->443,848394731248,TXUE,Proxy,0,0,0,0,0,1,2147483652,5,1,0,1,1,Sess,1,1,4,0,2,4,Conn,1,0x2b9dd895a330,4,1460,130320,260224,owm_tcp_accel,125,2877292543,1067839,0,0x2b9dd895a030,4,1460,4918,31104,cubic,1,Fifo,0x2b9fa4bda790,2097152,2078352,18800,98464,0x2b9fa4bdb8a8,3145728,0,3145728,0,3145728,2097152,,Pool:tbd
06:57:45,154,0,49669->443,848396729263,TXUE,Proxy,0,0,0,0,0,1,2147483652,5,1,0,1,1,Sess,1,1,4,0,2,4,Conn,1,0x2b9dd895a330,4,1460,131768,263040,owm_tcp_accel,125,2877292543,1116387,0,0x2b9dd895a030,4,1460,4918,31104,cubic,1,Fifo,0x2b9fa4bda790,2097152,2076904,20248,98464,0x2b9fa4bdb8a8,3145728,0,3145728,0,3145728,2097152,,Pool:tbd
06:57:45,156,0,49669->443,848399732088,TXUE,Proxy,0,0,0,0,0,1,2147483652,5,1,0,1,1,Sess,1,1,4,0,2,4,Conn,1,0x2b9dd895a330,4,1460,133216,265984,owm_tcp_accel,125,2877292543,1118329,0,0x2b9dd895a030,4,1460,4918,31104,cubic,1,Fifo,0x2b9fa4bda790,2097152,2075456,21696,99912,0x2b9fa4bdb8a8,3145728,0,3145728,0,3145728,2097152,,Pool:tbd
06:57:45,158,0,49669->443,848401723766,TXUE,Proxy,0,0,0,0,0,1,2147483652,5,1,0,1,1,Sess,1,1,4,0,2,4,Conn,1,0x2b9dd895a330,4,1460,134664,268928,owm_tcp_accel,125,2877292543,1128470,0,0x2b9dd895a030,4,1460,4918,31104,cubic,1,Fifo,0x2b9fa4bda790,2097152,2074008,23144,101360,0x2b9fa4bdb8a8,3145728,0,3145728,0,3145728,2097152,,Pool:tbd
06:57:45,160,0,49669->443,848403756617,TXUE,Proxy,0,0,0,0,0,1,2147483652,5,1,0,1,1,Sess,1,1,4,0,2,4,Conn,1,0x2b9dd895a330,4,1460,136112,271744,owm_tcp_accel,125,2877292543,1137964,0,0x2b9dd895a030,4,1460,4918,31104,cubic,1,Fifo,0x2b9fa4bda790,2097152,2072560,24592,101360,0x2b9fa4bdb8a8,3145728,0,3145728,0,3145728,2097152,,Pool:tbd
06:57:45,162,0,49669->443,848406727632,TXUE,Proxy,0,0,0,0,0,1,2147483652,5,1,0,1,1,Sess,1,1,4,0,2,4,Conn,1,0x2b9dd895a330,4,1460,137560,274688,owm_tcp_accel,126,2877292543,1189101,0,0x2b9dd895a030,4,1460,4918,31104,cubic,1,Fifo,0x2b9fa4bda790,2097152,2071112,26040,104256,0x2b9fa4bdb8a8,3145728,0,3145728,0,3145728,2097152,,Pool:tbd
06:57:45,164,0,49669->443,848408907053,TXUE,Proxy,0,0,0,0,0,1,2147483652,5,1,0,1,1,Sess,1,1,4,0,2,4,Conn,1,0x2b9dd895a330,4,1460,139008,277504,owm_tcp_accel,127,2877292543,1196653,0,0x2b9dd895a030,4,1460,4918,31104,cubic,1,Fifo,0x2b9fa4bda790,2097152,2069664,27488,104256,0x2b9fa4bdb8a8,3145728,0,3145728,0,3145728,2097152,,Pool:tbd
06:57:45,166,0,49669->443,848411717142,TXUE,Proxy,0,0,0,0,0,1,2147483652,5,1,0,1,1,Sess,1,1,4,0,2,4,Conn,1,0x2b9dd895a330,4,1460,140456,280448,owm_tcp_accel,127,2877292543,1198595,0,0x2b9dd895a030,4,1460,4918,31104,cubic,1,Fifo,0x2b9fa4bda790,2097152,2068216,28936,105704,0x2b9fa4bdb8a8,3145728,0,3145728,0,3145728,2097152,,Pool:tbd
06:57:45,168,0,49669->443,848413717049,TXUE,Proxy,0,0,0,0,0,1,2147483652,5,1,0,1,1,Sess,1,1,4,0,2,4,Conn,1,0x2b9dd895a330,4,1460,141904,283392,owm_tcp_accel,127,2877292543,1207226,0,0x2b9dd895a030,4,1460,4918,31104,cubic,1,Fifo,0x2b9fa4bda790,2097152,2066768,30384,107152,0x2b9fa4bdb8a8,3145728,0,3145728,0,3145728,2097152,,Pool:tbd
06:57:45,170,0,49669->443,848415700824,TXUE,Proxy,0,0,0,0,0,1,2147483652,5,1,0,1,1,Sess,1,1,4,0,2,4,Conn,1,0x2b9dd895a330,4,1460,143352,286208,owm_tcp_accel,127,2877292543,1260737,0,0x2b9dd895a030,4,1460,4918,31104,cubic,1,Fifo,0x2b9fa4bda790,2097152,2065320,31832,108600,0x2b9fa4bdb8a8,3145728,0,3145728,0,3145728,2097152,,Pool:tbd
06:57:45,172,0,49669->443,848418698860,TXUE,Proxy,0,0,0,0,0,1,2147483652,5,1,0,1,1,Sess,1,1,4,0,2,4,Conn,1,0x2b9dd895a330,4,1460,144800,289152,owm_tcp_accel,128,2877292543,1260737,0,0x2b9dd895a030,4,1460,4918,31104,cubic,1,Fifo,0x2b9fa4bda790,2097152,2063872,33280,110048,0x2b9fa4bdb8a8,3145728,0,3145728,0,3145728,2097152,,Pool:tbd
06:57:45,174,0,49669->443,848420703289,TXUE,Proxy,0,0,0,0,0,1,2147483652,5,1,0,1,1,Sess,1,1,4,0,2,4,Conn,1,0x2b9dd895a330,4,1460,146248,292096,owm_tcp_accel,128,2877292543,1267426,0,0x2b9dd895a030,4,1460,4918,31104,cubic,1,Fifo,0x2b9fa4bda790,2097152,2062424,34728,111496,0x2b9fa4bdb8a8,3145728,0,3145728,0,3145728,2097152,,Pool:tbd
06:57:45,176,0,49669->443,848423712248,TXUE,Proxy,0,0,0,0,0,1,2147483652,5,1,0,1,1,Sess,1,1,4,0,2,4,Conn,1,0x2b9dd895a330,4,1460,147696,294912,owm_tcp_accel,128,2877292543,1295044,0,0x2b9dd895a030,4,1460,4918,31104,cubic,1,Fifo,0x2b9fa4bda790,2097152,2060976,36176,112944,0x2b9fa4bdb8a8,3145728,0,3145728,0,3145728,2097152,,Pool:tbd
06:57:45,178,0,49669->443,848425703197,TXUE,Proxy,0,0,0,0,0,1,2147483652,5,1,0,1,1,Sess,1,1,4,0,2,4,Conn,1,0x2b9dd895a330,4,1460,149144,297856,owm_tcp_accel,128,2877292543,1302596,0,0x2b9dd895a030,4,1460,4918,31104,cubic,1,Fifo,0x2b9fa4bda790,2097152,2059528,37624,114392,0x2b9fa4bdb8a8,3145728,0,3145728,0,3145728,2097152,,Pool:tbd
06:57:45,180,0,49669->443,848427713864,TXUE,Proxy,0,0,0,0,0,1,2147483652,5,1,0,1,1,Sess,1,1,4,0,2,4,Conn,1,0x2b9dd895a330,4,1460,150592,300672,owm_tcp_accel,128,2877292543,1309716,0,0x2b9dd895a030,4,1460,4918,31104,cubic,1,Fifo,0x2b9fa4bda790,2097152,2058080,39072,115840,0x2b9fa4bdb8a8,3145728,0,3145728,0,3145728,2097152,,Pool:tbd
06:57:45,182,0,49669->443,848430709354,TXUE,Proxy,0,0,0,0,0,1,2147483652,5,1,0,1,1,Sess,1,1,4,0,2,4,Conn,1,0x2b9dd895a330,4,1460,152040,303616,owm_tcp_accel,129,2877292543,1338198,0,0x2b9dd895a030,4,1460,4918,31104,cubic,1,Fifo,0x2b9fa4bda790,2097152,2056632,40520,117288,0x2b9fa4bdb8a8,3145728,0,3145728,0,3145728,2097152,,Pool:tbd
06:57:45,184,0,49669->443,848432721132,TXUE,Proxy,0,0,0,0,0,1,2147483652,5,1,0,1,1,Sess,1,1,4,0,2,4,Conn,1,0x2b9dd895a330,4,1460,153488,306560,owm_tcp_accel,129,2877292543,1344887,0,0x2b9dd895a030,4,1460,4918,31104,cubic,1,Fifo,0x2b9fa4bda790,2097152,2055184,41968,118736,0x2b9fa4bdb8a8,3145728,0,3145728,0,3145728,2097152,,Pool:tbd
06:57:45,186,0,49669->443,848435697332,TXUE,Proxy,0,0,0,0,0,1,2147483652,5,1,0,1,1,Sess,1,1,4,0,2,4,Conn,1,0x2b9dd895a330,4,1460,154936,309376,owm_tcp_accel,130,2877292543,1364521,0,0x2b9dd895a030,4,1460,4918,31104,cubic,1,Fifo,0x2b9fa4bda790,2097152,2053736,43416,121632,0x2b9fa4bdb8a8,3145728,0,3145728,0,3145728,2097152,,Pool:tbd
06:57:45,188,0,49669->443,848437716024,TXUE,Proxy,0,0,0,0,0,1,2147483652,5,1,0,1,1,Sess,1,1,4,0,2,4,Conn,1,0x2b9dd895a330,4,1460,156384,312320,owm_tcp_accel,130,2877292543,1370779,0,0x2b9dd895a030,4,1460,4918,31104,cubic,1,Fifo,0x2b9fa4bda790,2097152,2052288,44864,123080,0x2b9fa4bdb8a8,3145728,0,3145728,0,3145728,2097152,,Pool:tbd
06:57:45,190,0,49669->443,848439710426,TXUE,Proxy,0,0,0,0,0,1,2147483652,5,1,0,1,1,Sess,1,1,4,0,2,4,Conn,1,0x2b9dd895a330,4,1460,157832,315264,owm_tcp_accel,130,2877292543,1377036,0,0x2b9dd895a030,4,1460,4918,31104,cubic,1,Fifo,0x2b9fa4bda790,2097152,2050840,46312,124528,0x2b9fa4bdb8a8,3145728,0,3145728,0,3145728,2097152,,Pool:tbd
06:57:45,192,0,49669->443,848442727377,TXUE,Proxy,0,0,0,0,0,1,2147483652,5,1,0,1,1,Sess,1,1,4,0,2,4,Conn,1,0x2b9dd895a330,4,1460,159280,318080,owm_tcp_accel,131,2877292543,1396887,0,0x2b9dd895a030,4,1460,4918,31104,cubic,1,Fifo,0x2b9fa4bda790,2097152,2049392,47760,125976,0x2b9fa4bdb8a8,3145728,0,3145728,0,3145728,2097152,,Pool:tbd
06:57:45,194,0,49669->443,848444719217,TXUE,Proxy,0,0,0,0,0,1,2147483652,5,1,0,1,1,Sess,1,1,4,0,2,4,Conn,1,0x2b9dd895a330,4,1460,160728,321024,owm_tcp_accel,131,2877292543,1402713,0,0x2b9dd895a030,4,1460,4918,31104,cubic,1,Fifo,0x2b9fa4bda790,2097152,2047944,49208,127424,0x2b9fa4bdb8a8,3145728,0,3145728,0,3145728,2097152,,Pool:tbd
06:57:45,196,0,49669->443,848447708920,TXUE,Proxy,0,0,0,0,0,1,2147483652,5,1,0,1,1,Sess,1,1,4,0,2,4,Conn,1,0x2b9dd895a330,4,1460,162176,323840,owm_tcp_accel,131,2877292543,1433136,0,0x2b9dd895a030,4,1460,4918,31104,cubic,1,Fifo,0x2b9fa4bda790,2097152,2046496,50656,130320,0x2b9fa4bdb8a8,3145728,0,3145728,0,3145728,2097152,,Pool:tbd
06:57:45,198,0,49669->443,848451724804,TXUE,Proxy,0,0,0,0,0,1,2147483652,5,1,0,1,1,Sess,1,1,4,0,2,4,Conn,1,0x2b9dd895a330,4,1460,165072,329728,owm_tcp_accel,131,2877292543,1443493,0,0x2b9dd895a030,4,1460,4918,31104,cubic,1,Fifo,0x2b9fa4bda790,2097152,2043600,53552,133216,0x2b9fa4bdb8a8,3145728,0,3145728,0,3145728,2097152,,Pool:tbd
06:57:45,200,0,49669->443,848454709228,TXUE,Proxy,0,0,0,0,0,1,2147483652,5,1,0,1,1,Sess,1,1,4,0,2,4,Conn,1,0x2b9dd895a330,4,1460,166520,332544,owm_tcp_accel,132,2877292543,1463775,0,0x2b9dd895a030,4,1460,4918,31104,cubic,1,Fifo,0x2b9fa4bda790,2097152,2042152,55000,136112,0x2b9fa4bdb8a8,3145728,0,3145728,0,3145728,2097152,,Pool:tbd
06:57:45,202,0,49669->443,848456722771,TXUE,Proxy,0,0,0,0,0,1,2147483652,5,1,0,1,1,Sess,1,1,4,0,2,4,Conn,1,0x2b9dd895a330,4,1460,167968,335488,owm_tcp_accel,132,2877292543,1468522,0,0x2b9dd895a030,4,1460,4918,31104,cubic,1,Fifo,0x2b9fa4bda790,2097152,2040704,56448,137560,0x2b9fa4bdb8a8,3145728,0,3145728,0,3145728,2097152,,Pool:tbd
06:57:45,204,0,49669->443,848459741981,TXUE,Proxy,0,0,0,0,0,1,2147483652,5,1,0,1,1,Sess,1,1,4,0,2,4,Conn,1,0x2b9dd895a330,4,1460,169416,338432,owm_tcp_accel,133,2877292543,1489236,0,0x2b9dd895a030,4,1460,4918,31104,cubic,1,Fifo,0x2b9fa4bda790,2097152,2039256,57896,140456,0x2b9fa4bdb8a8,3145728,0,3145728,0,3145728,2097152,,Pool:tbd
06:57:45,206,0,49669->443,848461738660,TXUE,Proxy,0,0,0,0,0,1,2147483652,5,1,0,1,1,Sess,1,1,4,0,2,4,Conn,1,0x2b9dd895a330,4,1460,170864,341248,owm_tcp_accel,134,2877292543,1493767,0,0x2b9dd895a030,4,1460,4918,31104,cubic,1,Fifo,0x2b9fa4bda790,2097152,2037808,59344,141904,0x2b9fa4bdb8a8,3145728,0,3145728,0,3145728,2097152,,Pool:tbd
06:57:45,208,0,49669->443,848463713464,TXUE,Proxy,0,0,0,0,0,1,2147483652,5,1,0,1,1,Sess,1,1,4,0,2,4,Conn,1,0x2b9dd895a330,4,1460,172312,344192,owm_tcp_accel,134,2877292543,1515128,0,0x2b9dd895a030,4,1460,4918,31104,cubic,1,Fifo,0x2b9fa4bda790,2097152,2036360,60792,141904,0x2b9fa4bdb8a8,3145728,0,3145728,0,3145728,2097152,,Pool:tbd
06:57:45,210,0,49669->443,848466723891,TXUE,Proxy,0,0,0,0,0,1,2147483652,5,1,0,1,1,Sess,1,1,4,0,2,4,Conn,1,0x2b9dd895a330,4,1460,173760,347008,owm_tcp_accel,134,2877292543,1515128,0,0x2b9dd895a030,4,1460,4918,31104,cubic,1,Fifo,0x2b9fa4bda790,2097152,2034912,62240,146248,0x2b9fa4bdb8a8,3145728,0,3145728,0,3145728,2097152,,Pool:tbd
06:57:45,212,0,49669->443,848468711606,TXUE,Proxy,0,0,0,0,0,1,2147483652,5,1,0,1,1,Sess,1,1,4,0,2,4,Conn,1,0x2b9dd895a330,4,1460,175208,347520,owm_tcp_accel,134,2877292543,1515344,0,0x2b9dd895a030,4,1460,4918,31104,cubic,1,Fifo,0x2b9fa4bda790,2097152,2033464,63688,147696,0x2b9fa4bdb8a8,3145728,0,3145728,0,3145728,2097152,,Pool:tbd
06:57:45,214,0,49669->443,848471708386,TXUE,Proxy,0,0,0,0,0,1,2147483652,5,1,0,1,1,Sess,1,1,4,0,2,4,Conn,1,0x2b9dd895a330,4,1460,176656,347520,owm_tcp_accel,134,2877292543,1515344,0,0x2b9dd895a030,4,1460,4918,31104,cubic,1,Fifo,0x2b9fa4bda790,2097152,2032016,65136,150592,0x2b9fa4bdb8a8,3145728,0,3145728,0,3145728,2097152,,Pool:tbd
06:57:45,216,0,49669->443,848473718128,TXUE,Proxy,0,0,0,0,0,1,2147483652,5,1,0,1,1,Sess,1,1,4,0,2,4,Conn,1,0x2b9dd895a330,4,1460,178104,347520,owm_tcp_accel,134,2517630975,1515344,0,0x2b9dd895a030,4,1460,4918,31104,cubic,1,Fifo,0x2b9fa4bda790,2097152,2030568,66584,152040,0x2b9fa4bdb8a8,3145728,0,3145728,0,3145728,2097152,,Pool:tbd
06:57:45,218,0,49669->443,848475717812,TXUE,Proxy,0,0,0,0,0,1,2147483652,5,1,0,1,1,Sess,1,1,4,0,2,4,Conn,1,0x2b9dd895a330,4,1460,179552,347520,owm_tcp_accel,134,2517630975,1515344,0,0x2b9dd895a030,4,1460,4918,31104,cubic,1,Fifo,0x2b9fa4bda790,2097152,2029120,68032,153488,0x2b9fa4bdb8a8,3145728,0,3145728,0,3145728,2097152,,Pool:tbd
06:57:45,220,0,49669->443,848478708050,TXUE,Proxy,0,0,0,0,0,1,2147483652,5,1,0,1,1,Sess,1,1,4,0,2,4,Conn,1,0x2b9dd895a330,4,1460,181000,347520,owm_tcp_accel,135,2517630975,1515344,0,0x2b9dd895a030,4,1460,4918,31104,cubic,1,Fifo,0x2b9fa4bda790,2097152,2027672,69480,156384,0x2b9fa4bdb8a8,3145728,0,3145728,0,3145728,2097152,,Pool:tbd
06:57:45,222,0,49669->443,848480713022,TXUE,Proxy,0,0,0,0,0,1,2147483652,5,1,0,1,1,Sess,1,1,4,0,2,4,Conn,1,0x2b9dd895a330,4,1460,182448,347520,owm_tcp_accel,135,2517630975,1515344,0,0x2b9dd895a030,4,1460,4918,31104,cubic,1,Fifo,0x2b9fa4bda790,2097152,2026224,70928,157832,0x2b9fa4bdb8a8,3145728,0,3145728,0,3145728,2097152,,Pool:tbd
06:57:45,224,0,49669->443,848483705157,TXUE,Proxy,0,0,0,0,0,1,2147483652,5,1,0,1,1,Sess,1,1,4,0,2,4,Conn,1,0x2b9dd895a330,4,1460,183896,347520,owm_tcp_accel,136,2517630975,1515344,0,0x2b9dd895a030,4,1460,4918,31104,cubic,1,Fifo,0x2b9fa4bda790,2097152,2024776,72376,160728,0x2b9fa4bdb8a8,3145728,0,3145728,0,3145728,2097152,,Pool:tbd
06:57:45,226,0,49669->443,848485696943,TXUE,Proxy,0,0,0,0,0,1,2147483652,5,1,0,1,1,Sess,1,1,4,0,2,4,Conn,1,0x2b9dd895a330,4,1460,185344,347520,owm_tcp_accel,136,2517630975,1515344,0,0x2b9dd895a030,4,1460,4918,31104,cubic,1,Fifo,0x2b9fa4bda790,2097152,2023328,73824,162176,0x2b9fa4bdb8a8,3145728,0,3145728,0,3145728,2097152,,Pool:tbd
06:57:45,228,0,49669->443,848487708536,TXUE,Proxy,0,0,0,0,0,1,2147483652,5,1,0,1,1,Sess,1,1,4,0,2,4,Conn,1,0x2b9dd895a330,4,1460,186792,347520,owm_tcp_accel,136,2517630975,1515344,0,0x2b9dd895a030,4,1460,4918,31104,cubic,1,Fifo,0x2b9fa4bda790,2097152,2021880,75272,163624,0x2b9fa4bdb8a8,3145728,0,3145728,0,3145728,2097152,,Pool:tbd
06:57:45,230,0,49669->443,848490716153,TXUE,Proxy,0,0,0,0,0,1,2147483652,5,1,0,1,1,Sess,1,1,4,0,2,4,Conn,1,0x2b9dd895a330,4,1460,188240,347520,owm_tcp_accel,137,2517630975,1515344,0,0x2b9dd895a030,4,1460,4918,31104,cubic,1,Fifo,0x2b9fa4bda790,2097152,2020432,76720,166520,0x2b9fa4bdb8a8,3145728,0,3145728,0,3145728,2097152,,Pool:tbd
06:57:45,232,0,49669->443,848492730585,TXUE,Proxy,0,0,0,0,0,1,2147483652,5,1,0,1,1,Sess,1,1,4,0,2,4,Conn,1,0x2b9dd895a330,4,1460,189688,347520,owm_tcp_accel,137,2517630975,1515344,0,0x2b9dd895a030,4,1460,4918,31104,cubic,1,Fifo,0x2b9fa4bda790,2097152,2018984,78168,167968,0x2b9fa4bdb8a8,3145728,0,3145728,0,3145728,2097152,,Pool:tbd
06:57:45,234,0,49669->443,848495715160,TXUE,Proxy,0,0,0,0,0,1,2147483652,5,1,0,1,1,Sess,1,1,4,0,2,4,Conn,1,0x2b9dd895a330,4,1460,191136,347520,owm_tcp_accel,137,2517630975,1515344,0,0x2b9dd895a030,4,1460,4918,31104,cubic,1,Fifo,0x2b9fa4bda790,2097152,2017536,79616,172312,0x2b9fa4bdb8a8,3145728,0,3145728,0,3145728,2097152,,Pool:tbd
06:57:45,236,0,49669->443,848497706373,TXUE,Proxy,0,0,0,0,0,1,2147483652,5,1,0,1,1,Sess,1,1,4,0,2,4,Conn,1,0x2b9dd895a330,4,1460,192584,347520,owm_tcp_accel,137,2517630975,1515344,0,0x2b9dd895a030,4,1460,4918,31104,cubic,1,Fifo,0x2b9fa4bda790,2097152,2016088,81064,173760,0x2b9fa4bdb8a8,3145728,0,3145728,0,3145728,2097152,,Pool:tbd
06:57:45,238,0,49669->443,848502712731,TXUE,Proxy,0,0,0,0,0,1,2147483652,5,1,0,1,1,Sess,1,1,4,0,2,4,Conn,1,0x2b9dd895a330,4,1460,195480,347520,owm_tcp_accel,138,2517630975,1515344,0,0x2b9dd895a030,4,1460,4918,31104,cubic,1,Fifo,0x2b9fa4bda790,2097152,2013192,83960,178104,0x2b9fa4bdb8a8,3145728,0,3145728,0,3145728,2097152,,Pool:tbd
06:57:45,240,0,49669->443,848507714527,TXUE,Proxy,0,0,0,0,0,1,2147483652,5,1,0,1,1,Sess,1,1,4,0,2,4,Conn,1,0x2b9dd895a330,4,1460,198376,347520,owm_tcp_accel,139,2517630975,1515344,0,0x2b9dd895a030,4,1460,4918,31104,cubic,1,Fifo,0x2b9fa4bda790,2097152,2010296,86856,182448,0x2b9fa4bdb8a8,3145728,0,3145728,0,3145728,2097152,,Pool:tbd
06:57:45,242,0,49669->443,848511721559,TXUE,Proxy,0,0,0,0,0,1,2147483652,5,1,0,1,1,Sess,1,1,4,0,2,4,Conn,1,0x2b9dd895a330,4,1460,201272,347520,owm_tcp_accel,140,2517630975,1517070,0,0x2b9dd895a030,4,1460,4918,31104,cubic,1,Fifo,0x2b9fa4bda790,2097152,2007400,89752,185344,0x2b9fa4bdb8a8,3145728,0,3145728,0,3145728,2097152,,Pool:tbd
06:57:45,244,0,49669->443,848516724279,TXUE,Proxy,0,0,0,0,0,1,2147483652,5,1,0,1,1,Sess,1,1,4,0,2,4,Conn,1,0x2b9dd895a330,4,1460,201272,347520,owm_tcp_accel,141,2517630975,1517070,0,0x2b9dd895a030,4,1460,4918,31104,cubic,1,Fifo,0x2b9fa4bda790,2097152,2004504,92648,189688,0x2b9fa4bdb8a8,3145728,0,3145728,0,3145728,2097152,,Pool:tbd
06:57:45,246,0,49669->443,848521725139,TXUE,Proxy,0,0,0,0,0,1,2147483652,5,1,0,1,1,Sess,1,1,4,0,2,4,Conn,1,0x2b9dd895a330,4,1460,201272,347520,owm_tcp_accel,142,2517630975,1517070,0,0x2b9dd895a030,4,1460,4918,31104,cubic,1,Fifo,0x2b9fa4bda790,2097152,2001608,95544,194032,0x2b9fa4bdb8a8,3145728,0,3145728,0,3145728,2097152,,Pool:tbd
06:57:45,248,0,49669->443,848526734882,TXUE,Proxy,0,0,0,0,0,1,2147483652,5,1,0,1,1,Sess,1,1,4,0,2,4,Conn,1,0x2b9dd895a330,4,1460,201272,347520,owm_tcp_accel,143,2517630975,1517070,0,0x2b9dd895a030,4,1460,4918,31104,cubic,1,Fifo,0x2b9fa4bda790,2097152,1998712,98440,198376,0x2b9fa4bdb8a8,3145728,0,3145728,0,3145728,2097152,,Pool:tbd
06:57:45,250,0,49669->443,848531715699,TXUE,Proxy,0,0,0,0,0,1,2147483652,5,1,0,1,1,Sess,1,1,4,0,2,4,Conn,1,0x2b9dd895a330,4,1460,201272,347520,owm_tcp_accel,144,2517630975,1517070,0,0x2b9dd895a030,4,1460,4918,31104,cubic,1,Fifo,0x2b9fa4bda790,2097152,1995816,101336,198376,0x2b9fa4bdb8a8,3145728,0,3145728,0,3145728,2097152,,Pool:tbd
06:57:45,252,0,49669->443,848535702503,TXUE,Proxy,0,0,0,0,0,1,2147483652,5,1,0,1,1,Sess,1,1,4,0,2,4,Conn,1,0x2b9dd895a330,4,1460,201272,347520,owm_tcp_accel,145,2517630975,1517070,0,0x2b9dd895a030,4,1460,4918,31104,cubic,1,Fifo,0x2b9fa4bda790,2097152,1992920,104232,198376,0x2b9fa4bdb8a8,3145728,0,3145728,0,3145728,2097152,,Pool:tbd
06:57:45,254,0,49669->443,848540709381,TXUE,Proxy,0,0,0,0,0,1,2147483652,5,1,0,1,1,Sess,1,1,4,0,2,4,Conn,1,0x2b9dd895a330,4,1460,201272,347520,owm_tcp_accel,146,2517630975,1517070,0,0x2b9dd895a030,4,1460,4918,31104,cubic,1,Fifo,0x2b9fa4bda790,2097152,1990024,107128,198376,0x2b9fa4bdb8a8,3145728,0,3145728,0,3145728,2097152,,Pool:tbd
06:57:45,256,0,49669->443,848545728451,TXUE,Proxy,0,0,0,0,0,1,2147483652,5,1,0,1,1,Sess,1,1,4,0,2,4,Conn,1,0x2b9dd895a330,4,1460,201272,347520,owm_tcp_accel,147,2517630975,1517070,0,0x2b9dd895a030,4,1460,4918,31104,cubic,1,Fifo,0x2b9fa4bda790,2097152,1987128,110024,198376,0x2b9fa4bdb8a8,3145728,0,3145728,0,3145728,2097152,,Pool:tbd
06:57:45,258,0,49669->443,848550708468,TXUE,Proxy,0,0,0,0,0,1,2147483652,5,1,0,1,1,Sess,1,1,4,0,2,4,Conn,1,0x2b9dd895a330,4,1460,201272,347520,owm_tcp_accel,149,2517630975,1517070,0,0x2b9dd895a030,4,1460,4918,31104,cubic,1,Fifo,0x2b9fa4bda790,2097152,1984232,112920,198376,0x2b9fa4bdb8a8,3145728,0,3145728,0,3145728,2097152,,Pool:tbd
06:57:45,260,0,49669->443,848555721676,TXUE,Proxy,0,0,0,0,0,1,2147483652,5,1,0,1,1,Sess,1,1,4,0,2,4,Conn,1,0x2b9dd895a330,4,1460,201272,347520,owm_tcp_accel,151,2517630975,1517070,0,0x2b9dd895a030,4,1460,4918,31104,cubic,1,Fifo,0x2b9fa4bda790,2097152,1981336,115816,198376,0x2b9fa4bdb8a8,3145728,0,3145728,0,3145728,2097152,,Pool:tbd
06:57:45,262,0,49669->443,848559716548,TXUE,Proxy,0,0,0,0,0,1,2147483652,5,1,0,1,1,Sess,1,1,4,0,2,4,Conn,1,0x2b9dd895a330,4,1460,201272,347520,owm_tcp_accel,152,2517630975,1517070,0,0x2b9dd895a030,4,1460,4918,31104,cubic,1,Fifo,0x2b9fa4bda790,2097152,1978440,118712,198376,0x2b9fa4bdb8a8,3145728,0,3145728,0,3145728,2097152,,Pool:tbd
06:57:45,264,0,49669->443,848564722240,TXUE,Proxy,0,0,0,0,0,1,2147483652,5,1,0,1,1,Sess,1,1,4,0,2,4,Conn,1,0x2b9dd895a330,4,1460,201272,347520,owm_tcp_accel,154,2517630975,1517070,0,0x2b9dd895a030,4,1460,4918,31104,cubic,1,Fifo,0x2b9fa4bda790,2097152,1975544,121608,198376,0x2b9fa4bdb8a8,3145728,0,3145728,0,3145728,2097152,,Pool:tbd
06:57:45,266,0,49669->443,848569728688,TXUE,Proxy,0,0,0,0,0,1,2147483652,5,1,0,1,1,Sess,1,1,4,0,2,4,Conn,1,0x2b9dd895a330,4,1460,201272,347520,owm_tcp_accel,156,2517630975,1517070,0,0x2b9dd895a030,4,1460,4918,31104,cubic,1,Fifo,0x2b9fa4bda790,2097152,1972648,124504,198376,0x2b9fa4bdb8a8,3145728,0,3145728,0,3145728,2097152,,Pool:tbd
06:57:45,268,0,49669->443,848574709305,TXUE,Proxy,0,0,0,0,0,1,2147483652,5,1,0,1,1,Sess,1,1,4,0,2,4,Conn,1,0x2b9dd895a330,4,1460,201272,347520,owm_tcp_accel,158,2517630975,1517070,0,0x2b9dd895a030,4,1460,4918,31104,cubic,1,Fifo,0x2b9fa4bda790,2097152,2027696,69456,198376,0x2b9fa4bdb8a8,3145728,0,3145728,0,3145728,2097152,,Pool:tbd
06:57:45,270,0,49669->443,848579709736,TXUE,Proxy,0,0,0,0,0,1,2147483652,5,1,0,1,1,Sess,1,1,4,0,2,4,Conn,1,0x2b9dd895a330,4,1460,201272,347520,owm_tcp_accel,160,2517630975,1517070,0,0x2b9dd895a030,4,1460,4918,31104,cubic,1,Fifo,0x2b9fa4bda790,2097152,2094256,2896,198376,0x2b9fa4bdb8a8,3145728,0,3145728,0,3145728,2097152,,Pool:tbd
06:57:45,272,0,49669->443,848583710784,TXUE,Proxy,0,0,0,0,0,1,2147483652,5,1,0,1,1,Sess,1,1,4,0,2,4,Conn,1,0x2b9dd895a330,4,1460,201272,347520,owm_tcp_accel,162,2517630975,1517070,0,0x2b9dd895a030,4,1460,4918,31104,cubic,1,Fifo,0x2b9fa4bda790,2097152,2091360,5792,198376,0x2b9fa4bdb8a8,3145728,0,3145728,0,3145728,2097152,,Pool:tbd
06:57:45,274,0,49669->443,848588728254,TXUE,Proxy,0,0,0,0,0,1,2147483652,5,1,0,1,1,Sess,1,1,4,0,2,4,Conn,1,0x2b9dd895a330,4,1460,201272,347520,owm_tcp_accel,164,2517630975,1517070,0,0x2b9dd895a030,4,1460,4918,31104,cubic,1,Fifo,0x2b9fa4bda790,2097152,2093224,3928,198376,0x2b9fa4bdb8a8,3145728,0,3145728,0,3145728,2097152,,Pool:tbd
06:57:45,276,0,49669->443,848593747072,TXUE,Proxy,0,0,0,0,0,1,2147483652,5,1,0,1,1,Sess,1,1,4,0,2,4,Conn,1,0x2b9dd895a330,4,1460,201272,347520,owm_tcp_accel,166,2517630975,1517070,0,0x2b9dd895a030,4,1460,4918,31104,cubic,1,Fifo,0x2b9fa4bda790,2097152,2092904,4248,198376,0x2b9fa4bdb8a8,3145728,0,3145728,0,3145728,2097152,,Pool:tbd
06:57:45,278,0,49669->443,848598708870,TXUE,Proxy,0,0,0,0,0,1,2147483652,5,1,0,1,1,Sess,1,1,4,0,2,4,Conn,1,0x2b9dd895a330,4,1460,201272,347520,owm_tcp_accel,168,2517630975,1517070,0,0x2b9dd895a030,4,1460,4918,31104,cubic,1,Fifo,0x2b9fa4bda790,2097152,2090008,7144,198376,0x2b9fa4bdb8a8,3145728,0,3145728,0,3145728,2097152,,Pool:tbd
06:57:45,280,0,49669->443,848603714727,TXUE,Proxy,0,0,0,0,0,1,2147483652,5,1,0,1,1,Sess,1,1,4,0,2,4,Conn,1,0x2b9dd895a330,4,1460,201272,347520,owm_tcp_accel,170,2517630975,1517070,0,0x2b9dd895a030,4,1460,4918,31104,cubic,1,Fifo,0x2b9fa4bda790,2097152,2092912,4240,198376,0x2b9fa4bdb8a8,3145728,0,3145728,0,3145728,2097152,,Pool:tbd
06:57:45,282,0,49669->443,848607719735,TXUE,Proxy,0,0,0,0,0,1,2147483652,5,1,0,1,1,Sess,1,1,4,0,2,4,Conn,1,0x2b9dd895a330,4,1460,201272,347520,owm_tcp_accel,172,2517630975,1517070,0,0x2b9dd895a030,4,1460,4918,31104,cubic,1,Fifo,0x2b9fa4bda790,2097152,2092832,4320,198376,0x2b9fa4bdb8a8,3145728,0,3145728,0,3145728,2097152,,Pool:tbd
06:57:45,284,0,49669->443,848612741618,TXUE,Proxy,0,0,0,0,0,1,2147483652,5,1,0,1,1,Sess,1,1,4,0,2,4,Conn,1,0x2b9dd895a330,4,1460,201272,347520,owm_tcp_accel,174,2517630975,1517070,0,0x2b9dd895a030,4,1460,4918,31104,cubic,1,Fifo,0x2b9fa4bda790,2097152,2089936,7216,198376,0x2b9fa4bdb8a8,3145728,0,3145728,0,3145728,2097152,,Pool:tbd
06:57:45,286,0,49669->443,848617731215,TXUE,Proxy,0,0,0,0,0,1,2147483652,5,1,0,1,1,Sess,1,1,4,0,2,4,Conn,1,0x2b9dd895a330,4,1460,201272,347520,owm_tcp_accel,176,2517630975,1517070,0,0x2b9dd895a030,4,1460,4918,31104,cubic,1,Fifo,0x2b9fa4bda790,2097152,2089936,7216,198376,0x2b9fa4bdb8a8,3145728,0,3145728,0,3145728,2097152,,Pool:tbd
06:57:45,288,0,49669->443,848622726289,TXUE,Proxy,0,0,0,0,0,1,2147483652,5,1,0,1,1,Sess,1,1,4,0,2,4,Conn,1,0x2b9dd895a330,4,1460,201272,347520,owm_tcp_accel,178,2517630975,1517070,0,0x2b9dd895a030,4,1460,4918,31104,cubic,1,Fifo,0x2b9fa4bda790,2097152,2087040,10112,198376,0x2b9fa4bdb8a8,3145728,0,3145728,0,3145728,2097152,,Pool:tbd
06:57:45,290,0,49669->443,848627732462,TXUE,Proxy,0,0,0,0,0,1,2147483652,5,1,0,1,1,Sess,1,1,4,0,2,4,Conn,1,0x2b9dd895a330,4,1460,201272,347520,owm_tcp_accel,180,2517630975,1517070,0,0x2b9dd895a030,4,1460,4918,31104,cubic,1,Fifo,0x2b9fa4bda790,2097152,2084144,13008,198376,0x2b9fa4bdb8a8,3145728,0,3145728,0,3145728,2097152,,Pool:tbd
06:57:45,292,0,49669->443,848631742191,TXUE,Proxy,0,0,0,0,0,1,2147483652,5,1,0,1,1,Sess,1,1,4,0,2,4,Conn,1,0x2b9dd895a330,4,1460,201272,347520,owm_tcp_accel,182,2517630975,1517070,0,0x2b9dd895a030,4,1460,4918,31104,cubic,1,Fifo,0x2b9fa4bda790,2097152,2081248,15904,198376,0x2b9fa4bdb8a8,3145728,0,3145728,0,3145728,2097152,,Pool:tbd
06:57:45,294,0,49669->443,848636718199,TXUE,Proxy,0,0,0,0,0,1,2147483652,5,1,0,1,1,Sess,1,1,4,0,2,4,Conn,1,0x2b9dd895a330,4,1460,201272,347520,owm_tcp_accel,184,2517630975,1517070,0,0x2b9dd895a030,4,1460,4918,31104,cubic,1,Fifo,0x2b9fa4bda790,2097152,2078352,18800,198376,0x2b9fa4bdb8a8,3145728,0,3145728,0,3145728,2097152,,Pool:tbd
06:57:45,296,0,49669->443,848641746164,TXUE,Proxy,0,0,0,0,0,1,2147483652,5,1,0,1,1,Sess,1,1,4,0,2,4,Conn,1,0x2b9dd895a330,4,1460,201272,347520,owm_tcp_accel,186,2517630975,1517070,0,0x2b9dd895a030,4,1460,4918,31104,cubic,1,Fifo,0x2b9fa4bda790,2097152,2075456,21696,198376,0x2b9fa4bdb8a8,3145728,0,3145728,0,3145728,2097152,,Pool:tbd
06:57:45,298,0,49669->443,848646708501,TXUE,Proxy,0,0,0,0,0,1,2147483652,5,1,0,1,1,Sess,1,1,4,0,2,4,Conn,1,0x2b9dd895a330,4,1460,201272,347520,owm_tcp_accel,188,2517630975,1517070,0,0x2b9dd895a030,4,1460,4918,31104,cubic,1,Fifo,0x2b9fa4bda790,2097152,2072560,24592,198376,0x2b9fa4bdb8a8,3145728,0,3145728,0,3145728,2097152,,Pool:tbd
06:57:45,300,0,49669->443,848651718737,TXUE,Proxy,0,0,0,0,0,1,2147483652,5,1,0,1,1,Sess,1,1,4,0,2,4,Conn,1,0x2b9dd895a330,4,1460,201272,347520,owm_tcp_accel,191,2517630975,1517070,0,0x2b9dd895a030,4,1460,4918,31104,cubic,1,Fifo,0x2b9fa4bda790,2097152,2069664,27488,198376,0x2b9fa4bdb8a8,3145728,0,3145728,0,3145728,2097152,,Pool:tbd
06:57:45,302,0,49669->443,848655715919,TXUE,Proxy,0,0,0,0,0,1,2147483652,5,1,0,1,1,Sess,1,1,4,0,2,4,Conn,1,0x2b9dd895a330,4,1460,201272,347520,owm_tcp_accel,193,2517630975,1517070,0,0x2b9dd895a030,4,1460,4918,31104,cubic,1,Fifo,0x2b9fa4bda790,2097152,2066768,30384,198376,0x2b9fa4bdb8a8,3145728,0,3145728,0,3145728,2097152,,Pool:tbd
06:57:45,304,0,49669->443,848660744624,TXUE,Proxy,0,0,0,0,0,1,2147483652,5,1,0,1,1,Sess,1,1,4,0,2,4,Conn,1,0x2b9dd895a330,4,1460,201272,347520,owm_tcp_accel,195,2517630975,1517070,0,0x2b9dd895a030,4,1460,4918,31104,cubic,1,Fifo,0x2b9fa4bda790,2097152,2063872,33280,198376,0x2b9fa4bdb8a8,3145728,0,3145728,0,3145728,2097152,,Pool:tbd
06:57:45,306,0,49669->443,848665715766,TXUE,Proxy,0,0,0,0,0,1,2147483652,5,1,0,1,1,Sess,1,1,4,0,2,4,Conn,1,0x2b9dd895a330,4,1460,201272,347520,owm_tcp_accel,198,2517630975,1517070,0,0x2b9dd895a030,4,1460,4918,31104,cubic,1,Fifo,0x2b9fa4bda790,2097152,2060976,36176,198376,0x2b9fa4bdb8a8,3145728,0,3145728,0,3145728,2097152,,Pool:tbd
06:57:45,308,0,49669->443,848670739828,TXUE,Proxy,0,0,0,0,0,1,2147483652,5,1,0,1,1,Sess,1,1,4,0,2,4,Conn,1,0x2b9dd895a330,4,1460,201272,347520,owm_tcp_accel,201,2517630975,1517070,0,0x2b9dd895a030,4,1460,4918,31104,cubic,1,Fifo,0x2b9fa4bda790,2097152,2058080,39072,198376,0x2b9fa4bdb8a8,3145728,0,3145728,0,3145728,2097152,,Pool:tbd
06:57:45,310,0,49669->443,848675741479,TXUE,Proxy,0,0,0,0,0,1,2147483652,5,1,0,1,1,Sess,1,1,4,0,2,4,Conn,1,0x2b9dd895a330,4,1460,201272,347520,owm_tcp_accel,204,2517630975,1517070,0,0x2b9dd895a030,4,1460,4918,31104,cubic,1,Fifo,0x2b9fa4bda790,2097152,2055184,41968,198376,0x2b9fa4bdb8a8,3145728,0,3145728,0,3145728,2097152,,Pool:tbd
06:57:45,312,0,49669->443,848679728702,TXUE,Proxy,0,0,0,0,0,1,2147483652,5,1,0,1,1,Sess,1,1,4,0,2,4,Conn,1,0x2b9dd895a330,4,1460,201272,347520,owm_tcp_accel,206,2517630975,1517070,0,0x2b9dd895a030,4,1460,4918,31104,cubic,1,Fifo,0x2b9fa4bda790,2097152,2052288,44864,198376,0x2b9fa4bdb8a8,3145728,0,3145728,0,3145728,2097152,,Pool:tbd
06:57:45,314,0,49669->443,848684736607,TXUE,Proxy,0,0,0,0,0,1,2147483652,5,1,0,1,1,Sess,1,1,4,0,2,4,Conn,1,0x2b9dd895a330,4,1460,201272,347520,owm_tcp_accel,209,2517630975,1517070,0,0x2b9dd895a030,4,1460,4918,31104,cubic,1,Fifo,0x2b9fa4bda790,2097152,2049392,47760,198376,0x2b9fa4bdb8a8,3145728,0,3145728,0,3145728,2097152,,Pool:tbd
06:57:45,316,0,49669->443,848689712196,TXUE,Proxy,0,0,0,0,0,1,2147483652,5,1,0,1,1,Sess,1,1,4,0,2,4,Conn,1,0x2b9dd895a330,4,1460,201272,347520,owm_tcp_accel,212,2517630975,1517070,0,0x2b9dd895a030,4,1460,4918,31104,cubic,1,Fifo,0x2b9fa4bda790,2097152,2046496,50656,198376,0x2b9fa4bdb8a8,3145728,0,3145728,0,3145728,2097152,,Pool:tbd
06:57:45,318,0,49669->443,848694725994,TXUE,Proxy,0,0,0,0,0,1,2147483652,5,1,0,1,1,Sess,1,1,4,0,2,4,Conn,1,0x2b9dd895a330,4,1460,201272,347520,owm_tcp_accel,215,2517630975,1517070,0,0x2b9dd895a030,4,1460,4918,31104,cubic,1,Fifo,0x2b9fa4bda790,2097152,2043600,53552,198376,0x2b9fa4bdb8a8,3145728,0,3145728,0,3145728,2097152,,Pool:tbd
06:57:45,320,0,49669->443,848699706182,TXUE,Proxy,0,0,0,0,0,1,2147483652,5,1,0,1,1,Sess,1,1,4,0,2,4,Conn,1,0x2b9dd895a330,4,1460,201272,347520,owm_tcp_accel,218,2517630975,1517070,0,0x2b9dd895a030,4,1460,4918,31104,cubic,1,Fifo,0x2b9fa4bda790,2097152,2040704,56448,198376,0x2b9fa4bdb8a8,3145728,0,3145728,0,3145728,2097152,,Pool:tbd
06:57:45,322,0,49669->443,848703711920,TXUE,Proxy,0,0,0,0,0,1,2147483652,5,1,0,1,1,Sess,1,1,4,0,2,4,Conn,1,0x2b9dd895a330,4,1460,201272,347520,owm_tcp_accel,220,2517630975,1517070,0,0x2b9dd895a030,4,1460,4918,31104,cubic,1,Fifo,0x2b9fa4bda790,2097152,2037808,59344,198376,0x2b9fa4bdb8a8,3145728,0,3145728,0,3145728,2097152,,Pool:tbd
06:57:45,324,0,49669->443,848706713297,TXUE,Proxy,0,0,0,0,0,1,2147483652,5,1,0,1,1,Sess,1,1,4,0,2,4,Conn,1,0x2b9dd895a330,4,1460,201272,350464,owm_tcp_accel,222,2517630975,1517070,0,0x2b9dd895a030,4,1460,4918,31104,cubic,1,Fifo,0x2b9fa4bda790,2097152,2036360,60792,199824,0x2b9fa4bdb8a8,3145728,0,3145728,0,3145728,2097152,,Pool:tbd
06:57:45,326,0,49669->443,848708701777,TXUE,Proxy,0,0,0,0,0,1,2147483652,5,1,0,1,1,Sess,1,1,4,0,2,4,Conn,1,0x2b9dd895a330,4,1460,201272,353408,owm_tcp_accel,224,2517630975,1517070,0,0x2b9dd895a030,4,1460,4918,31104,cubic,1,Fifo,0x2b9fa4bda790,2097152,2034912,62240,199824,0x2b9fa4bdb8a8,3145728,0,3145728,0,3145728,2097152,,Pool:tbd
06:57:45,328,0,49669->443,848711694846,TXUE,Proxy,0,0,0,0,0,1,2147483652,5,1,0,1,1,Sess,1,1,4,0,2,4,Conn,1,0x2b9dd895a330,4,1460,201272,356224,owm_tcp_accel,226,2517630975,1517070,0,0x2b9dd895a030,4,1460,4918,31104,cubic,1,Fifo,0x2b9fa4bda790,2097152,2033464,63688,199824,0x2b9fa4bdb8a8,3145728,0,3145728,0,3145728,2097152,,Pool:tbd
06:57:45,433,0,49669->443,848958696782,TXUE,Proxy,0,0,0,0,0,1,2147483652,5,1,0,1,1,Sess,1,1,4,0,2,4,Conn,1,0x2b9dd895a330,4,1460,186792,495616,owm_tcp_accel,226,2517630975,606828,0,0x2b9dd895a030,4,1460,4918,31104,cubic,1,Fifo,0x2b9fa4bda790,2097152,2095704,1448,62264,0x2b9fa4bdb8a8,3145728,0,3145728,0,3145728,2097152,,Pool:tbd
06:57:45,435,0,49669->443,848960695342,TXUE,Proxy,0,0,0,0,0,1,2147483652,5,1,0,1,1,Sess,1,1,4,0,2,4,Conn,1,0x2b9dd895a330,4,1460,186792,492800,owm_tcp_accel,226,2517630975,606828,0,0x2b9dd895a030,4,1460,4918,31104,cubic,1,Fifo,0x2b9fa4bda790,2097152,2092808,4344,60816,0x2b9fa4bdb8a8,3145728,0,3145728,0,3145728,2097152,,Pool:tbd
06:57:45,437,0,49669->443,848963703986,TXUE,Proxy,0,0,0,0,0,1,2147483652,5,1,0,1,1,Sess,1,1,4,0,2,4,Conn,1,0x2b9dd895a330,4,1460,186792,491392,owm_tcp_accel,226,2517630975,606828,0,0x2b9dd895a030,4,1460,4918,31104,cubic,1,Fifo,0x2b9fa4bda790,2097152,2091360,5792,62264,0x2b9fa4bdb8a8,3145728,0,3145728,0,3145728,2097152,,Pool:tbd
06:57:45,439,0,49669->443,848965717345,TXUE,Proxy,0,0,0,0,0,1,2147483652,5,1,0,1,1,Sess,1,1,4,0,2,4,Conn,1,0x2b9dd895a330,4,1460,186792,488576,owm_tcp_accel,226,2517630975,606828,0,0x2b9dd895a030,4,1460,4918,31104,cubic,1,Fifo,0x2b9fa4bda790,2097152,2088464,8688,60816,0x2b9fa4bdb8a8,3145728,0,3145728,0,3145728,2097152,,Pool:tbd
06:57:45,441,0,49669->443,848967698347,TXUE,Proxy,0,0,0,0,0,1,2147483652,5,1,0,1,1,Sess,1,1,4,0,2,4,Conn,1,0x2b9dd895a330,4,1460,186792,485760,owm_tcp_accel,226,2517630975,606828,0,0x2b9dd895a030,4,1460,4918,31104,cubic,1,Fifo,0x2b9fa4bda790,2097152,2092904,4248,60816,0x2b9fa4bdb8a8,3145728,0,3145728,0,3145728,2097152,,Pool:tbd
06:57:45,443,0,49669->443,848970694253,TXUE,Proxy,0,0,0,0,0,1,2147483652,5,1,0,1,1,Sess,1,1,4,0,2,4,Conn,1,0x2b9dd895a330,4,1460,186792,484352,owm_tcp_accel,226,2517630975,606828,0,0x2b9dd895a030,4,1460,4918,31104,cubic,1,Fifo,0x2b9fa4bda790,2097152,2094272,2880,60816,0x2b9fa4bdb8a8,3145728,0,3145728,0,3145728,2097152,,Pool:tbd
06:57:45,445,0,49669->443,848972690371,TXUE,Proxy,0,0,0,0,0,1,2147483652,5,1,0,1,1,Sess,1,1,4,0,2,4,Conn,1,0x2b9dd895a330,4,1460,186792,481536,owm_tcp_accel,226,2517630975,606828,0,0x2b9dd895a030,4,1460,4918,31104,cubic,1,Fifo,0x2b9fa4bda790,2097152,2091376,5776,60816,0x2b9fa4bdb8a8,3145728,0,3145728,0,3145728,2097152,,Pool:tbd
06:57:45,447,0,49669->443,848975702796,TXUE,Proxy,0,0,0,0,0,1,2147483652,5,1,0,1,1,Sess,1,1,4,0,2,4,Conn,1,0x2b9dd895a330,4,1460,186792,478720,owm_tcp_accel,226,2517630975,606828,0,0x2b9dd895a030,4,1460,4918,31104,cubic,1,Fifo,0x2b9fa4bda790,2097152,2088480,8672,60816,0x2b9fa4bdb8a8,3145728,0,3145728,0,3145728,2097152,,Pool:tbd
06:57:45,449,0,49669->443,848977691680,TXUE,Proxy,0,0,0,0,0,1,2147483652,5,1,0,1,1,Sess,1,1,4,0,2,4,Conn,1,0x2b9dd895a330,4,1460,186792,477312,owm_tcp_accel,226,2517630975,606828,0,0x2b9dd895a030,4,1460,4918,31104,cubic,1,Fifo,0x2b9fa4bda790,2097152,2088480,8672,60816,0x2b9fa4bdb8a8,3145728,0,3145728,0,3145728,2097152,,Pool:tbd
06:57:45,451,0,49669->443,848979699091,TXUE,Proxy,0,0,0,0,0,1,2147483652,5,1,0,1,1,Sess,1,1,4,0,2,4,Conn,1,0x2b9dd895a330,4,1460,186792,474496,owm_tcp_accel,226,2517630975,606828,0,0x2b9dd895a030,4,1460,4918,31104,cubic,1,Fifo,0x2b9fa4bda790,2097152,2085584,11568,60816,0x2b9fa4bdb8a8,3145728,0,3145728,0,3145728,2097152,,Pool:tbd
06:57:45,453,0,49669->443,848982694882,TXUE,Proxy,0,0,0,0,0,1,2147483652,5,1,0,1,1,Sess,1,1,4,0,2,4,Conn,1,0x2b9dd895a330,4,1460,186792,471680,owm_tcp_accel,226,2517630975,606828,0,0x2b9dd895a030,4,1460,4918,31104,cubic,1,Fifo,0x2b9fa4bda790,2097152,2082688,14464,60816,0x2b9fa4bdb8a8,3145728,0,3145728,0,3145728,2097152,,Pool:tbd
06:57:45,455,0,49669->443,848984693251,TXUE,Proxy,0,0,0,0,0,1,2147483652,5,1,0,1,1,Sess,1,1,4,0,2,4,Conn,1,0x2b9dd895a330,4,1460,186792,468864,owm_tcp_accel,226,2517630975,606828,0,0x2b9dd895a030,4,1460,4918,31104,cubic,1,Fifo,0x2b9fa4bda790,2097152,2079792,17360,60816,0x2b9fa4bdb8a8,3145728,0,3145728,0,3145728,2097152,,Pool:tbd
06:57:45,457,0,49669->443,848987696979,TXUE,Proxy,0,0,0,0,0,1,2147483652,5,1,0,1,1,Sess,1,1,4,0,2,4,Conn,1,0x2b9dd895a330,4,1460,186792,467456,owm_tcp_accel,226,2517630975,606828,0,0x2b9dd895a030,4,1460,4918,31104,cubic,1,Fifo,0x2b9fa4bda790,2097152,2078344,18808,60816,0x2b9fa4bdb8a8,3145728,0,3145728,0,3145728,2097152,,Pool:tbd
06:57:45,459,0,49669->443,848989698305,TXUE,Proxy,0,0,0,0,0,1,2147483652,5,1,0,1,1,Sess,1,1,4,0,2,4,Conn,1,0x2b9dd895a330,4,1460,186792,464640,owm_tcp_accel,226,2517630975,606828,0,0x2b9dd895a030,4,1460,4918,31104,cubic,1,Fifo,0x2b9fa4bda790,2097152,2075448,21704,60816,0x2b9fa4bdb8a8,3145728,0,3145728,0,3145728,2097152,,Pool:tbd
06:57:45,461,0,49669->443,848991695369,TXUE,Proxy,0,0,0,0,0,1,2147483652,5,1,0,1,1,Sess,1,1,4,0,2,4,Conn,1,0x2b9dd895a330,4,1460,186792,461824,owm_tcp_accel,226,2517630975,606828,0,0x2b9dd895a030,4,1460,4918,31104,cubic,1,Fifo,0x2b9fa4bda790,2097152,2072552,24600,60816,0x2b9fa4bdb8a8,3145728,0,3145728,0,3145728,2097152,,Pool:tbd
06:57:45,463,0,49669->443,848994685044,TXUE,Proxy,0,0,0,0,0,1,2147483652,5,1,0,1,1,Sess,1,1,4,0,2,4,Conn,1,0x2b9dd895a330,4,1460,186792,460416,owm_tcp_accel,226,2517630975,606828,0,0x2b9dd895a030,4,1460,4918,31104,cubic,1,Fifo,0x2b9fa4bda790,2097152,2071104,26048,60816,0x2b9fa4bdb8a8,3145728,0,3145728,0,3145728,2097152,,Pool:tbd
06:57:45,465,0,49669->443,848996732339,TXUE,Proxy,0,0,0,0,0,1,2147483652,5,1,0,1,1,Sess,1,1,4,0,2,4,Conn,1,0x2b9dd895a330,4,1460,186792,457600,owm_tcp_accel,226,2517630975,606828,0,0x2b9dd895a030,4,1460,4918,31104,cubic,1,Fifo,0x2b9fa4bda790,2097152,2068208,28944,60816,0x2b9fa4bdb8a8,3145728,0,3145728,0,3145728,2097152,,Pool:tbd
06:57:45,467,0,49669->443,848999709711,TXUE,Proxy,0,0,0,0,0,1,2147483652,5,1,0,1,1,Sess,1,1,4,0,2,4,Conn,1,0x2b9dd895a330,4,1460,186792,454784,owm_tcp_accel,226,2517630975,606828,0,0x2b9dd895a030,4,1460,4918,31104,cubic,1,Fifo,0x2b9fa4bda790,2097152,2065312,31840,60816,0x2b9fa4bdb8a8,3145728,0,3145728,0,3145728,2097152,,Pool:tbd
06:57:45,469,0,49669->443,849001712471,TXUE,Proxy,0,0,0,0,0,1,2147483652,5,1,0,1,1,Sess,1,1,4,0,2,4,Conn,1,0x2b9dd895a330,4,1460,186792,451968,owm_tcp_accel,226,2517630975,606828,0,0x2b9dd895a030,4,1460,4918,31104,cubic,1,Fifo,0x2b9fa4bda790,2097152,2062416,34736,60816,0x2b9fa4bdb8a8,3145728,0,3145728,0,3145728,2097152,,Pool:tbd
06:57:45,471,0,49669->443,849003691284,TXUE,Proxy,0,0,0,0,0,1,2147483652,5,1,0,1,1,Sess,1,1,4,0,2,4,Conn,1,0x2b9dd895a330,4,1460,186792,450560,owm_tcp_accel,226,2517630975,606828,0,0x2b9dd895a030,4,1460,4918,31104,cubic,1,Fifo,0x2b9fa4bda790,2097152,2060968,36184,60816,0x2b9fa4bdb8a8,3145728,0,3145728,0,3145728,2097152,,Pool:tbd
06:57:45,473,0,49669->443,849006717508,TXUE,Proxy,0,0,0,0,0,1,2147483652,5,1,0,1,1,Sess,1,1,4,0,2,4,Conn,1,0x2b9dd895a330,4,1460,186792,449152,owm_tcp_accel,226,2517630975,606828,0,0x2b9dd895a030,4,1460,4918,31104,cubic,1,Fifo,0x2b9fa4bda790,2097152,2059520,37632,60816,0x2b9fa4bdb8a8,3145728,0,3145728,0,3145728,2097152,,Pool:tbd
06:57:45,475,0,49669->443,849008694726,TXUE,Proxy,0,0,0,0,0,1,2147483652,5,1,0,1,1,Sess,1,1,4,0,2,4,Conn,1,0x2b9dd895a330,4,1460,186792,446336,owm_tcp_accel,226,2517630975,606828,0,0x2b9dd895a030,4,1460,4918,31104,cubic,1,Fifo,0x2b9fa4bda790,2097152,2056624,40528,60816,0x2b9fa4bdb8a8,3145728,0,3145728,0,3145728,2097152,,Pool:tbd
06:57:45,477,0,49669->443,849015723070,TXUE,Proxy,0,0,0,0,0,1,2147483652,5,1,0,1,1,Sess,1,1,4,0,2,4,Conn,1,0x2b9dd895a330,4,1460,186792,443520,owm_tcp_accel,226,2517630975,758535,0,0x2b9dd895a030,4,1460,4918,31104,cubic,1,Fifo,0x2b9fa4bda790,2097152,2053728,43424,62264,0x2b9fa4bdb8a8,3145728,0,3145728,0,3145728,2097152,,Pool:tbd
06:57:45,479,0,49669->443,849022710972,TXUE,Proxy,0,0,0,0,0,1,2147483652,5,1,0,1,1,Sess,1,1,4,0,2,4,Conn,1,0x2b9dd895a330,4,1460,186792,442112,owm_tcp_accel,226,2517630975,758535,0,0x2b9dd895a030,4,1460,4918,31104,cubic,1,Fifo,0x2b9fa4bda790,2097152,2052280,44872,62264,0x2b9fa4bdb8a8,3145728,0,3145728,0,3145728,2097152,,Pool:tbd
06:57:45,481,0,49669->443,849029714477,TXUE,Proxy,0,0,0,0,0,1,2147483652,5,1,0,1,1,Sess,1,1,4,0,2,4,Conn,1,0x2b9dd895a330,4,1460,186792,439296,owm_tcp_accel,226,2517630975,758535,0,0x2b9dd895a030,4,1460,4918,31104,cubic,1,Fifo,0x2b9fa4bda790,2097152,2049384,47768,62264,0x2b9fa4bdb8a8,3145728,0,3145728,0,3145728,2097152,,Pool:tbd
06:57:45,483,0,49669->443,849036707049,TXUE,Proxy,0,0,0,0,0,1,2147483652,5,1,0,1,1,Sess,1,1,4,0,2,4,Conn,1,0x2b9dd895a330,4,1460,186792,436480,owm_tcp_accel,226,2517630975,758535,0,0x2b9dd895a030,4,1460,4918,31104,cubic,1,Fifo,0x2b9fa4bda790,2097152,2046488,50664,62264,0x2b9fa4bdb8a8,3145728,0,3145728,0,3145728,2097152,,Pool:tbd
06:57:45,485,0,49669->443,849038687924,TXUE,Proxy,0,0,0,0,0,1,2147483652,5,1,0,1,1,Sess,1,1,4,0,2,4,Conn,1,0x2b9dd895a330,4,1460,186792,433664,owm_tcp_accel,226,2517630975,758535,0,0x2b9dd895a030,4,1460,4918,31104,cubic,1,Fifo,0x2b9fa4bda790,2097152,2043592,53560,62264,0x2b9fa4bdb8a8,3145728,0,3145728,0,3145728,2097152,,Pool:tbd
06:57:45,487,0,49669->443,849041703862,TXUE,Proxy,0,0,0,0,0,1,2147483652,5,1,0,1,1,Sess,1,1,4,0,2,4,Conn,1,0x2b9dd895a330,4,1460,186792,432256,owm_tcp_accel,226,2517630975,758535,0,0x2b9dd895a030,4,1460,4918,31104,cubic,1,Fifo,0x2b9fa4bda790,2097152,2042144,55008,62264,0x2b9fa4bdb8a8,3145728,0,3145728,0,3145728,2097152,,Pool:tbd
06:57:45,489,0,49669->443,849043711186,TXUE,Proxy,0,0,0,0,0,1,2147483652,5,1,0,1,1,Sess,1,1,4,0,2,4,Conn,1,0x2b9dd895a330,4,1460,186792,429440,owm_tcp_accel,226,2517630975,758535,0,0x2b9dd895a030,4,1460,4918,31104,cubic,1,Fifo,0x2b9fa4bda790,2097152,2039248,57904,62264,0x2b9fa4bdb8a8,3145728,0,3145728,0,3145728,2097152,,Pool:tbd
06:57:45,491,0,49669->443,849045710310,TXUE,Proxy,0,0,0,0,0,1,2147483652,5,1,0,1,1,Sess,1,1,4,0,2,4,Conn,1,0x2b9dd895a330,4,1460,186792,426624,owm_tcp_accel,226,2517630975,758535,0,0x2b9dd895a030,4,1460,4918,31104,cubic,1,Fifo,0x2b9fa4bda790,2097152,2036352,60800,62264,0x2b9fa4bdb8a8,3145728,0,3145728,0,3145728,2097152,,Pool:tbd
06:57:45,493,0,49669->443,849049708302,TXUE,Proxy,0,0,0,0,0,1,2147483652,5,1,0,1,1,Sess,1,1,4,0,2,4,Conn,1,0x2b9dd895a330,4,1460,186792,425216,owm_tcp_accel,226,2517630975,758535,0,0x2b9dd895a030,4,1460,4918,31104,cubic,1,Fifo,0x2b9fa4bda790,2097152,2034904,62248,62264,0x2b9fa4bdb8a8,3145728,0,3145728,0,3145728,2097152,,Pool:tbd
06:57:45,495,0,49669->443,849051702328,TXUE,Proxy,0,0,0,0,0,1,2147483652,5,1,0,1,1,Sess,1,1,4,0,2,4,Conn,1,0x2b9dd895a330,4,1460,186792,422400,owm_tcp_accel,226,2517630975,758535,0,0x2b9dd895a030,4,1460,4918,31104,cubic,1,Fifo,0x2b9fa4bda790,2097152,2032008,65144,62264,0x2b9fa4bdb8a8,3145728,0,3145728,0,3145728,2097152,,Pool:tbd
06:57:45,497,0,49669->443,849054703005,TXUE,Proxy,0,0,0,0,0,1,2147483652,5,1,0,1,1,Sess,1,1,4,0,2,4,Conn,1,0x2b9dd895a330,4,1460,186792,423168,owm_tcp_accel,226,2517630975,758535,0,0x2b9dd895a030,4,1460,4918,31104,cubic,1,Fifo,0x2b9fa4bda790,2097152,2029112,68040,62264,0x2b9fa4bdb8a8,3145728,0,3145728,0,3145728,2097152,,Pool:tbd
06:57:45,499,0,49669->443,849056708545,TXUE,Proxy,0,0,0,0,0,1,2147483652,5,1,0,1,1,Sess,1,1,4,0,2,4,Conn,1,0x2b9dd895a330,4,1460,186792,425600,owm_tcp_accel,226,2517630975,758535,0,0x2b9dd895a030,4,1460,4918,31104,cubic,1,Fifo,0x2b9fa4bda790,2097152,2026216,70936,62264,0x2b9fa4bdb8a8,3145728,0,3145728,0,3145728,2097152,,Pool:tbd
06:57:45,501,0,49669->443,849058703144,TXUE,Proxy,0,0,0,0,0,1,2147483652,5,1,0,1,1,Sess,1,1,4,0,2,4,Conn,1,0x2b9dd895a330,4,1460,186792,428160,owm_tcp_accel,226,2517630975,758535,0,0x2b9dd895a030,4,1460,4918,31104,cubic,1,Fifo,0x2b9fa4bda790,2097152,2024768,72384,62264,0x2b9fa4bdb8a8,3145728,0,3145728,0,3145728,2097152,,Pool:tbd
06:57:45,503,0,49669->443,849061700936,TXUE,Proxy,0,0,0,0,0,1,2147483652,5,1,0,1,1,Sess,1,1,4,0,2,4,Conn,1,0x2b9dd895a330,4,1460,186792,428160,owm_tcp_accel,226,2517630975,758535,0,0x2b9dd895a030,4,1460,4918,31104,cubic,1,Fifo,0x2b9fa4bda790,2097152,2021872,75280,62264,0x2b9fa4bdb8a8,3145728,0,3145728,0,3145728,2097152,,Pool:tbd
06:57:45,505,0,49669->443,849063694795,TXUE,Proxy,0,0,0,0,0,1,2147483652,5,1,0,1,1,Sess,1,1,4,0,2,4,Conn,1,0x2b9dd895a330,4,1460,186792,430592,owm_tcp_accel,226,2517630975,758535,0,0x2b9dd895a030,4,1460,4918,31104,cubic,1,Fifo,0x2b9fa4bda790,2097152,2014632,82520,62264,0x2b9fa4bdb8a8,3145728,0,3145728,0,3145728,2097152,,Pool:tbd
06:57:45,507,0,49669->443,849066705406,TXUE,Proxy,0,0,0,0,0,1,2147483652,5,1,0,1,1,Sess,1,1,4,0,2,4,Conn,1,0x2b9dd895a330,4,1460,186792,440192,owm_tcp_accel,226,2517630975,758535,0,0x2b9dd895a030,4,1460,4918,31104,cubic,1,Fifo,0x2b9fa4bda790,2097152,2004496,92656,62264,0x2b9fa4bdb8a8,3145728,0,3145728,0,3145728,2097152,,Pool:tbd
06:57:45,510,0,49669->443,849068700069,TXUE,Proxy,0,0,0,0,0,1,2147483652,5,1,0,1,1,Sess,1,1,4,0,2,4,Conn,1,0x2b9dd895a330,4,1460,198376,454528,owm_tcp_accel,226,2517630975,758535,0,0x2b9dd895a030,4,1460,4918,31104,cubic,1,Fifo,0x2b9fa4bda790,2097152,1904584,192568,62264,0x2b9fa4bdb8a8,3145728,0,3145728,0,3145728,2097152,,Pool:tbd
06:57:45,512,0,49669->443,849070696090,TXUE,Proxy,0,0,0,0,0,1,2147483652,5,1,0,1,1,Sess,1,1,4,0,2,4,Conn,1,0x2b9dd895a330,4,1460,198376,501120,owm_tcp_accel,213,2517630975,758535,0,0x2b9dd895a030,4,1460,4918,31104,cubic,1,Fifo,0x2b9fa4bda790,2097152,1903136,194016,62264,0x2b9fa4bdb8a8,3145728,0,3145728,0,3145728,2097152,,Pool:tbd
06:57:45,514,0,49669->443,849074706458,TXUE,Proxy,0,0,0,0,0,1,2147483652,5,1,0,1,1,Sess,1,1,4,0,2,4,Conn,1,0x2b9dd895a330,4,1460,198376,503936,owm_tcp_accel,201,2517630975,758535,0,0x2b9dd895a030,4,1460,4918,31104,cubic,1,Fifo,0x2b9fa4bda790,2097152,1901688,195464,63712,0x2b9fa4bdb8a8,3145728,0,3145728,0,3145728,2097152,,Pool:tbd
06:57:45,516,0,49669->443,849076713257,TXUE,Proxy,0,0,0,0,0,1,2147483652,5,1,0,1,1,Sess,1,1,4,0,2,4,Conn,1,0x2b9dd895a330,4,1460,198376,506880,owm_tcp_accel,191,2517630975,758535,0,0x2b9dd895a030,4,1460,4918,31104,cubic,1,Fifo,0x2b9fa4bda790,2097152,1900240,196912,63712,0x2b9fa4bdb8a8,3145728,0,3145728,0,3145728,2097152,,Pool:tbd
06:57:45,518,0,49669->443,849079695812,TXUE,Proxy,0,0,0,0,0,1,2147483652,5,1,0,1,1,Sess,1,1,4,0,2,4,Conn,1,0x2b9dd895a330,4,1460,198376,509696,owm_tcp_accel,182,2517630975,758535,0,0x2b9dd895a030,4,1460,4918,31104,cubic,1,Fifo,0x2b9fa4bda790,2097152,1898792,198360,63712,0x2b9fa4bdb8a8,3145728,0,3145728,0,3145728,2097152,,Pool:tbd
06:57:45,520,0,49669->443,849081716781,TXUE,Proxy,0,0,0,0,0,1,2147483652,5,1,0,1,1,Sess,1,1,4,0,2,4,Conn,1,0x2b9dd895a330,4,1460,198376,512640,owm_tcp_accel,174,2517630975,758535,0,0x2b9dd895a030,4,1460,4918,31104,cubic,1,Fifo,0x2b9fa4bda790,2097152,1897344,199808,63712,0x2b9fa4bdb8a8,3145728,0,3145728,0,3145728,2097152,,Pool:tbd
06:57:45,522,0,49669->443,849083689798,TXUE,Proxy,0,0,0,0,0,1,2147483652,5,1,0,1,1,Sess,1,1,4,0,2,4,Conn,1,0x2b9dd895a330,4,1460,198376,515584,owm_tcp_accel,167,2517630975,758535,0,0x2b9dd895a030,4,1460,4918,31104,cubic,1,Fifo,0x2b9fa4bda790,2097152,1895896,201256,63712,0x2b9fa4bdb8a8,3145728,0,3145728,0,3145728,2097152,,Pool:tbd
06:57:45,524,0,49669->443,849088696706,TXUE,Proxy,0,0,0,0,0,1,2147483652,5,1,0,1,1,Sess,1,1,4,0,2,4,Conn,1,0x2b9dd895a330,4,1460,198376,521344,owm_tcp_accel,161,2517630975,758535,0,0x2b9dd895a030,4,1460,4918,31104,cubic,1,Fifo,0x2b9fa4bda790,2097152,1893000,204152,65160,0x2b9fa4bdb8a8,3145728,0,3145728,0,3145728,2097152,,Pool:tbd
06:57:45,526,0,49669->443,849091699950,TXUE,Proxy,0,0,0,0,0,1,2147483652,5,1,0,1,1,Sess,1,1,4,0,2,4,Conn,1,0x2b9dd895a330,4,1460,198376,524288,owm_tcp_accel,156,2517630975,758535,0,0x2b9dd895a030,4,1460,4918,31104,cubic,1,Fifo,0x2b9fa4bda790,2097152,1891552,205600,65160,0x2b9fa4bdb8a8,3145728,0,3145728,0,3145728,2097152,,Pool:tbd
06:57:45,528,0,49669->443,849093688688,TXUE,Proxy,0,0,0,0,0,1,2147483652,5,1,0,1,1,Sess,1,1,4,0,2,4,Conn,1,0x2b9dd895a330,4,1460,198376,527104,owm_tcp_accel,151,2517630975,758535,0,0x2b9dd895a030,4,1460,4918,31104,cubic,1,Fifo,0x2b9fa4bda790,2097152,1890104,207048,65160,0x2b9fa4bdb8a8,3145728,0,3145728,0,3145728,2097152,,Pool:tbd
06:57:45,530,0,49669->443,849097712848,TXUE,Proxy,0,0,0,0,0,1,2147483652,5,1,0,1,1,Sess,1,1,4,0,2,4,Conn,1,0x2b9dd895a330,4,1460,198376,530048,owm_tcp_accel,147,2517630975,758535,0,0x2b9dd895a030,4,1460,4918,31104,cubic,1,Fifo,0x2b9fa4bda790,2097152,1888656,208496,66608,0x2b9fa4bdb8a8,3145728,0,3145728,0,3145728,2097152,,Pool:tbd
06:57:45,532,0,49669->443,849099708276,TXUE,Proxy,0,0,0,0,0,1,2147483652,5,1,0,1,1,Sess,1,1,4,0,2,4,Conn,1,0x2b9dd895a330,4,1460,198376,532864,owm_tcp_accel,144,2517630975,758535,0,0x2b9dd895a030,4,1460,4918,31104,cubic,1,Fifo,0x2b9fa4bda790,2097152,1887208,209944,66608,0x2b9fa4bdb8a8,3145728,0,3145728,0,3145728,2097152,,Pool:tbd
06:57:45,534,0,49669->443,849104726595,TXUE,Proxy,0,0,0,0,0,1,2147483652,5,1,0,1,1,Sess,1,1,4,0,2,4,Conn,1,0x2b9dd895a330,4,1460,198376,538752,owm_tcp_accel,141,2517630975,758535,0,0x2b9dd895a030,4,1460,4918,31104,cubic,1,Fifo,0x2b9fa4bda790,2097152,1884312,212840,68056,0x2b9fa4bdb8a8,3145728,0,3145728,0,3145728,2097152,,Pool:tbd
06:57:45,536,0,49669->443,849106699972,TXUE,Proxy,0,0,0,0,0,1,2147483652,5,1,0,1,1,Sess,1,1,4,0,2,4,Conn,1,0x2b9dd895a330,4,1460,198376,541568,owm_tcp_accel,138,2517630975,758535,0,0x2b9dd895a030,4,1460,4918,31104,cubic,1,Fifo,0x2b9fa4bda790,2097152,1882864,214288,68056,0x2b9fa4bdb8a8,3145728,0,3145728,0,3145728,2097152,,Pool:tbd
06:57:45,538,0,49669->443,849109717519,TXUE,Proxy,0,0,0,0,0,1,2147483652,5,1,0,1,1,Sess,1,1,4,0,2,4,Conn,1,0x2b9dd895a330,4,1460,198376,544512,owm_tcp_accel,136,2517630975,758535,0,0x2b9dd895a030,4,1460,4918,31104,cubic,1,Fifo,0x2b9fa4bda790,2097152,1881416,215736,68056,0x2b9fa4bdb8a8,3145728,0,3145728,0,3145728,2097152,,Pool:tbd
06:57:45,540,0,49669->443,849111693943,TXUE,Proxy,0,0,0,0,0,1,2147483652,5,1,0,1,1,Sess,1,1,4,0,2,4,Conn,1,0x2b9dd895a330,4,1460,198376,547456,owm_tcp_accel,134,2517630975,758535,0,0x2b9dd895a030,4,1460,4918,31104,cubic,1,Fifo,0x2b9fa4bda790,2097152,1879968,217184,68056,0x2b9fa4bdb8a8,3145728,0,3145728,0,3145728,2097152,,Pool:tbd
06:57:45,542,0,49669->443,849114716224,TXUE,Proxy,0,0,0,0,0,1,2147483652,5,1,0,1,1,Sess,1,1,4,0,2,4,Conn,1,0x2b9dd895a330,4,1460,198376,550272,owm_tcp_accel,132,2517630975,758535,0,0x2b9dd895a030,4,1460,4918,31104,cubic,1,Fifo,0x2b9fa4bda790,2097152,1878520,218632,69504,0x2b9fa4bdb8a8,3145728,0,3145728,0,3145728,2097152,,Pool:tbd
06:57:45,544,0,49669->443,849116704302,TXUE,Proxy,0,0,0,0,0,1,2147483652,5,1,0,1,1,Sess,1,1,4,0,2,4,Conn,1,0x2b9dd895a330,4,1460,198376,553216,owm_tcp_accel,130,2517630975,758535,0,0x2b9dd895a030,4,1460,4918,31104,cubic,1,Fifo,0x2b9fa4bda790,2097152,1877072,220080,69504,0x2b9fa4bdb8a8,3145728,0,3145728,0,3145728,2097152,,Pool:tbd
06:57:45,546,0,49669->443,849118696478,TXUE,Proxy,0,0,0,0,0,1,2147483652,5,1,0,1,1,Sess,1,1,4,0,2,4,Conn,1,0x2b9dd895a330,4,1460,198376,556032,owm_tcp_accel,129,2517630975,758535,0,0x2b9dd895a030,4,1460,4918,31104,cubic,1,Fifo,0x2b9fa4bda790,2097152,1875624,221528,69504,0x2b9fa4bdb8a8,3145728,0,3145728,0,3145728,2097152,,Pool:tbd
06:57:45,548,0,49669->443,849122708377,TXUE,Proxy,0,0,0,0,0,1,2147483652,5,1,0,1,1,Sess,1,1,4,0,2,4,Conn,1,0x2b9dd895a330,4,1460,198376,558976,owm_tcp_accel,128,2517630975,758535,0,0x2b9dd895a030,4,1460,4918,31104,cubic,1,Fifo,0x2b9fa4bda790,2097152,1874176,222976,70952,0x2b9fa4bdb8a8,3145728,0,3145728,0,3145728,2097152,,Pool:tbd
06:57:45,550,0,49669->443,849124712928,TXUE,Proxy,0,0,0,0,0,1,2147483652,5,1,0,1,1,Sess,1,1,4,0,2,4,Conn,1,0x2b9dd895a330,4,1460,198376,561920,owm_tcp_accel,127,2517630975,758535,0,0x2b9dd895a030,4,1460,4918,31104,cubic,1,Fifo,0x2b9fa4bda790,2097152,1872728,224424,70952,0x2b9fa4bdb8a8,3145728,0,3145728,0,3145728,2097152,,Pool:tbd
06:57:45,552,0,49669->443,849127718853,TXUE,Proxy,0,0,0,0,0,1,2147483652,5,1,0,1,1,Sess,1,1,4,0,2,4,Conn,1,0x2b9dd895a330,4,1460,198376,564736,owm_tcp_accel,126,2517630975,758535,0,0x2b9dd895a030,4,1460,4918,31104,cubic,1,Fifo,0x2b9fa4bda790,2097152,1871280,225872,70952,0x2b9fa4bdb8a8,3145728,0,3145728,0,3145728,2097152,,Pool:tbd
06:57:45,554,0,49669->443,849129698215,TXUE,Proxy,0,0,0,0,0,1,2147483652,5,1,0,1,1,Sess,1,1,4,0,2,4,Conn,1,0x2b9dd895a330,4,1460,198376,567680,owm_tcp_accel,125,2517630975,758535,0,0x2b9dd895a030,4,1460,4918,31104,cubic,1,Fifo,0x2b9fa4bda790,2097152,1869832,227320,70952,0x2b9fa4bdb8a8,3145728,0,3145728,0,3145728,2097152,,Pool:tbd
06:57:45,556,0,49669->443,849131728849,TXUE,Proxy,0,0,0,0,0,1,2147483652,5,1,0,1,1,Sess,1,1,4,0,2,4,Conn,1,0x2b9dd895a330,4,1460,198376,570624,owm_tcp_accel,124,2517630975,758535,0,0x2b9dd895a030,4,1460,4918,31104,cubic,1,Fifo,0x2b9fa4bda790,2097152,1868384,228768,70952,0x2b9fa4bdb8a8,3145728,0,3145728,0,3145728,2097152,,Pool:tbd
06:57:45,558,0,49669->443,849134706958,TXUE,Proxy,0,0,0,0,0,1,2147483652,5,1,0,1,1,Sess,1,1,4,0,2,4,Conn,1,0x2b9dd895a330,4,1460,198376,573440,owm_tcp_accel,124,2517630975,758535,0,0x2b9dd895a030,4,1460,4918,31104,cubic,1,Fifo,0x2b9fa4bda790,2097152,1866936,230216,72400,0x2b9fa4bdb8a8,3145728,0,3145728,0,3145728,2097152,,Pool:tbd
06:57:45,560,0,49669->443,849136701095,TXUE,Proxy,0,0,0,0,0,1,2147483652,5,1,0,1,1,Sess,1,1,4,0,2,4,Conn,1,0x2b9dd895a330,4,1460,198376,576384,owm_tcp_accel,123,2517630975,758535,0,0x2b9dd895a030,4,1460,4918,31104,cubic,1,Fifo,0x2b9fa4bda790,2097152,1865488,231664,72400,0x2b9fa4bdb8a8,3145728,0,3145728,0,3145728,2097152,,Pool:tbd
06:57:45,562,0,49669->443,849139705252,TXUE,Proxy,0,0,0,0,0,1,2147483652,5,1,0,1,1,Sess,1,1,4,0,2,4,Conn,1,0x2b9dd895a330,4,1460,198376,579200,owm_tcp_accel,123,2517630975,758535,0,0x2b9dd895a030,4,1460,4918,31104,cubic,1,Fifo,0x2b9fa4bda790,2097152,1864040,233112,72400,0x2b9fa4bdb8a8,3145728,0,3145728,0,3145728,2097152,,Pool:tbd
06:57:45,564,0,49669->443,849146714411,TXUE,Proxy,0,0,0,0,0,1,2147483652,5,1,0,1,1,Sess,1,1,4,0,2,4,Conn,1,0x2b9dd895a330,4,1460,198376,582144,owm_tcp_accel,123,2517630975,758535,0,0x2b9dd895a030,4,1460,4918,31104,cubic,1,Fifo,0x2b9fa4bda790,2097152,1862592,234560,76744,0x2b9fa4bdb8a8,3145728,0,3145728,0,3145728,2097152,,Pool:tbd
06:57:45,566,0,49669->443,849153725612,TXUE,Proxy,0,0,0,0,0,1,2147483652,5,1,0,1,1,Sess,1,1,4,0,2,4,Conn,1,0x2b9dd895a330,4,1460,198376,585088,owm_tcp_accel,123,2517630975,758535,0,0x2b9dd895a030,4,1460,4918,31104,cubic,1,Fifo,0x2b9fa4bda790,2097152,1861144,236008,81088,0x2b9fa4bdb8a8,3145728,0,3145728,0,3145728,2097152,,Pool:tbd
06:57:45,568,0,49669->443,849160732374,TXUE,Proxy,0,0,0,0,0,1,2147483652,5,1,0,1,1,Sess,1,1,4,0,2,4,Conn,1,0x2b9dd895a330,4,1460,198376,587904,owm_tcp_accel,123,2517630975,758535,0,0x2b9dd895a030,4,1460,4918,31104,cubic,1,Fifo,0x2b9fa4bda790,2097152,1859696,237456,83984,0x2b9fa4bdb8a8,3145728,0,3145728,0,3145728,2097152,,Pool:tbd
06:57:45,570,0,49669->443,849162718986,TXUE,Proxy,0,0,0,0,0,1,2147483652,5,1,0,1,1,Sess,1,1,4,0,2,4,Conn,1,0x2b9dd895a330,4,1460,198376,590848,owm_tcp_accel,123,2517630975,758535,0,0x2b9dd895a030,4,1460,4918,31104,cubic,1,Fifo,0x2b9fa4bda790,2097152,1858248,238904,83984,0x2b9fa4bdb8a8,3145728,0,3145728,0,3145728,2097152,,Pool:tbd
06:57:45,572,0,49669->443,849165705703,TXUE,Proxy,0,0,0,0,0,1,2147483652,5,1,0,1,1,Sess,1,1,4,0,2,4,Conn,1,0x2b9dd895a330,4,1460,198376,593792,owm_tcp_accel,123,2517630975,758535,0,0x2b9dd895a030,4,1460,4918,31104,cubic,1,Fifo,0x2b9fa4bda790,2097152,1856800,240352,85432,0x2b9fa4bdb8a8,3145728,0,3145728,0,3145728,2097152,,Pool:tbd
06:57:45,574,0,49669->443,849167713228,TXUE,Proxy,0,0,0,0,0,1,2147483652,5,1,0,1,1,Sess,1,1,4,0,2,4,Conn,1,0x2b9dd895a330,4,1460,198376,596608,owm_tcp_accel,123,2517630975,758535,0,0x2b9dd895a030,4,1460,4918,31104,cubic,1,Fifo,0x2b9fa4bda790,2097152,1855352,241800,85432,0x2b9fa4bdb8a8,3145728,0,3145728,0,3145728,2097152,,Pool:tbd
06:57:45,576,0,49669->443,849169698236,TXUE,Proxy,0,0,0,0,0,1,2147483652,5,1,0,1,1,Sess,1,1,4,0,2,4,Conn,1,0x2b9dd895a330,4,1460,198376,599552,owm_tcp_accel,123,2517630975,758535,0,0x2b9dd895a030,4,1460,4918,31104,cubic,1,Fifo,0x2b9fa4bda790,2097152,1853904,243248,85432,0x2b9fa4bdb8a8,3145728,0,3145728,0,3145728,2097152,,Pool:tbd
06:57:45,578,0,49669->443,849173721997,TXUE,Proxy,0,0,0,0,0,1,2147483652,5,1,0,1,1,Sess,1,1,4,0,2,4,Conn,1,0x2b9dd895a330,4,1460,198376,602368,owm_tcp_accel,123,2517630975,758535,0,0x2b9dd895a030,4,1460,4918,31104,cubic,1,Fifo,0x2b9fa4bda790,2097152,1852456,244696,86880,0x2b9fa4bdb8a8,3145728,0,3145728,0,3145728,2097152,,Pool:tbd
06:57:45,580,0,49669->443,849175699902,TXUE,Proxy,0,0,0,0,0,1,2147483652,5,1,0,1,1,Sess,1,1,4,0,2,4,Conn,1,0x2b9dd895a330,4,1460,198376,605312,owm_tcp_accel,123,2517630975,758535,0,0x2b9dd895a030,4,1460,4918,31104,cubic,1,Fifo,0x2b9fa4bda790,2097152,1851008,246144,86880,0x2b9fa4bdb8a8,3145728,0,3145728,0,3145728,2097152,,Pool:tbd
06:57:45,582,0,49669->443,849178715667,TXUE,Proxy,0,0,0,0,0,1,2147483652,5,1,0,1,1,Sess,1,1,4,0,2,4,Conn,1,0x2b9dd895a330,4,1460,198376,608256,owm_tcp_accel,123,2517630975,758535,0,0x2b9dd895a030,4,1460,4918,31104,cubic,1,Fifo,0x2b9fa4bda790,2097152,1881464,215688,86880,0x2b9fa4bdb8a8,3145728,0,3145728,0,3145728,2097152,,Pool:tbd
06:57:45,584,0,49669->443,849180710127,TXUE,Proxy,0,0,0,0,0,1,2147483652,5,1,0,1,1,Sess,1,1,4,0,2,4,Conn,1,0x2b9dd895a330,4,1460,198376,611072,owm_tcp_accel,123,2517630975,758535,0,0x2b9dd895a030,4,1460,4918,31104,cubic,1,Fifo,0x2b9fa4bda790,2097152,1940320,156832,86880,0x2b9fa4bdb8a8,3145728,0,3145728,0,3145728,2097152,,Pool:tbd
06:57:45,586,0,49669->443,849182721452,TXUE,Proxy,0,0,0,0,0,1,2147483652,5,1,0,1,1,Sess,1,1,4,0,2,4,Conn,1,0x2b9dd895a330,4,1460,198376,614016,owm_tcp_accel,123,2517630975,758535,0,0x2b9dd895a030,4,1460,4918,31104,cubic,1,Fifo,0x2b9fa4bda790,2097152,2030096,67056,86880,0x2b9fa4bdb8a8,3145728,0,3145728,0,3145728,2097152,,Pool:tbd
06:57:45,588,0,49669->443,849185688751,TXUE,Proxy,0,0,0,0,0,1,2147483652,5,1,0,1,1,Sess,1,1,4,0,2,4,Conn,1,0x2b9dd895a330,4,1460,198376,616960,owm_tcp_accel,123,2517630975,758535,0,0x2b9dd895a030,4,1460,4918,31104,cubic,1,Fifo,0x2b9fa4bda790,2097152,2095704,1448,88328,0x2b9fa4bdb8a8,3145728,0,3145728,0,3145728,2097152,,Pool:tbd
06:57:45,590,0,49669->443,849187702270,TXUE,Proxy,0,0,0,0,0,1,2147483652,5,1,0,1,1,Sess,1,1,4,0,2,4,Conn,1,0x2b9dd895a330,4,1460,198376,619776,owm_tcp_accel,123,2517630975,758535,0,0x2b9dd895a030,4,1460,4918,31104,cubic,1,Fifo,0x2b9fa4bda790,2097152,2094256,2896,88328,0x2b9fa4bdb8a8,3145728,0,3145728,0,3145728,2097152,,Pool:tbd
06:57:45,592,0,49669->443,849190713429,TXUE,Proxy,0,0,0,0,0,1,2147483652,5,1,0,1,1,Sess,1,1,4,0,2,4,Conn,1,0x2b9dd895a330,4,1460,198376,622720,owm_tcp_accel,123,2517630975,758535,0,0x2b9dd895a030,4,1460,4918,31104,cubic,1,Fifo,0x2b9fa4bda790,2097152,2092808,4344,88328,0x2b9fa4bdb8a8,3145728,0,3145728,0,3145728,2097152,,Pool:tbd
06:57:45,594,0,49669->443,849194703298,TXUE,Proxy,0,0,0,0,0,1,2147483652,5,1,0,1,1,Sess,1,1,4,0,2,4,Conn,1,0x2b9dd895a330,4,1460,198376,625536,owm_tcp_accel,123,2202927103,758535,0,0x2b9dd895a030,4,1460,4918,31104,cubic,1,Fifo,0x2b9fa4bda790,2097152,2091360,5792,89776,0x2b9fa4bdb8a8,3145728,0,3145728,0,3145728,2097152,,Pool:tbd
06:57:45,596,0,49669->443,849196700254,TXUE,Proxy,0,0,0,0,0,1,2147483652,5,1,0,1,1,Sess,1,1,4,0,2,4,Conn,1,0x2b9dd895a330,4,1460,198376,628480,owm_tcp_accel,123,2202927103,758535,0,0x2b9dd895a030,4,1460,4918,31104,cubic,1,Fifo,0x2b9fa4bda790,2097152,2089912,7240,89776,0x2b9fa4bdb8a8,3145728,0,3145728,0,3145728,2097152,,Pool:tbd
06:57:45,598,0,49669->443,849199697878,TXUE,Proxy,0,0,0,0,0,1,2147483652,5,1,0,1,1,Sess,1,1,4,0,2,4,Conn,1,0x2b9dd895a330,4,1460,198376,631424,owm_tcp_accel,123,2202927103,758535,0,0x2b9dd895a030,4,1460,4918,31104,cubic,1,Fifo,0x2b9fa4bda790,2097152,2088464,8688,91224,0x2b9fa4bdb8a8,3145728,0,3145728,0,3145728,2097152,,Pool:tbd
06:57:45,600,0,49669->443,849201701660,TXUE,Proxy,0,0,0,0,0,1,2147483652,5,1,0,1,1,Sess,1,1,4,0,2,4,Conn,1,0x2b9dd895a330,4,1460,198376,634240,owm_tcp_accel,123,2202927103,758535,0,0x2b9dd895a030,4,1460,4918,31104,cubic,1,Fifo,0x2b9fa4bda790,2097152,2094352,2800,91224,0x2b9fa4bdb8a8,3145728,0,3145728,0,3145728,2097152,,Pool:tbd
06:57:45,602,0,49669->443,849203703631,TXUE,Proxy,0,0,0,0,0,1,2147483652,5,1,0,1,1,Sess,1,1,4,0,2,4,Conn,1,0x2b9dd895a330,4,1460,198376,637184,owm_tcp_accel,123,2202927103,758535,0,0x2b9dd895a030,4,1460,4918,31104,cubic,1,Fifo,0x2b9fa4bda790,2097152,2094272,2880,91224,0x2b9fa4bdb8a8,3145728,0,3145728,0,3145728,2097152,,Pool:tbd
06:57:45,604,0,49669->443,849206699883,TXUE,Proxy,0,0,0,0,0,1,2147483652,5,1,0,1,1,Sess,1,1,4,0,2,4,Conn,1,0x2b9dd895a330,4,1460,198376,640128,owm_tcp_accel,123,2202927103,758535,0,0x2b9dd895a030,4,1460,4918,31104,cubic,1,Fifo,0x2b9fa4bda790,2097152,2092824,4328,91224,0x2b9fa4bdb8a8,3145728,0,3145728,0,3145728,2097152,,Pool:tbd
06:57:45,606,0,49669->443,849208711798,TXUE,Proxy,0,0,0,0,0,1,2147483652,5,1,0,1,1,Sess,1,1,4,0,2,4,Conn,1,0x2b9dd895a330,4,1460,198376,642944,owm_tcp_accel,123,2202927103,758535,0,0x2b9dd895a030,4,1460,4918,31104,cubic,1,Fifo,0x2b9fa4bda790,2097152,2091376,5776,91224,0x2b9fa4bdb8a8,3145728,0,3145728,0,3145728,2097152,,Pool:tbd
06:57:45,608,0,49669->443,849211703778,TXUE,Proxy,0,0,0,0,0,1,2147483652,5,1,0,1,1,Sess,1,1,4,0,2,4,Conn,1,0x2b9dd895a330,4,1460,198376,645888,owm_tcp_accel,123,2202927103,758535,0,0x2b9dd895a030,4,1460,4918,31104,cubic,1,Fifo,0x2b9fa4bda790,2097152,2094320,2832,92672,0x2b9fa4bdb8a8,3145728,0,3145728,0,3145728,2097152,,Pool:tbd
06:57:45,610,0,49669->443,849213715945,TXUE,Proxy,0,0,0,0,0,1,2147483652,5,1,0,1,1,Sess,1,1,4,0,2,4,Conn,1,0x2b9dd895a330,4,1460,198376,648704,owm_tcp_accel,123,2202927103,758535,0,0x2b9dd895a030,4,1460,4918,31104,cubic,1,Fifo,0x2b9fa4bda790,2097152,2094320,2832,92672,0x2b9fa4bdb8a8,3145728,0,3145728,0,3145728,2097152,,Pool:tbd
06:57:45,612,0,49669->443,849215717462,TXUE,Proxy,0,0,0,0,0,1,2147483652,5,1,0,1,1,Sess,1,1,4,0,2,4,Conn,1,0x2b9dd895a330,4,1460,198376,651648,owm_tcp_accel,123,2202927103,758535,0,0x2b9dd895a030,4,1460,4918,31104,cubic,1,Fifo,0x2b9fa4bda790,2097152,2092920,4232,92672,0x2b9fa4bdb8a8,3145728,0,3145728,0,3145728,2097152,,Pool:tbd
06:57:45,614,0,49669->443,849218693771,TXUE,Proxy,0,0,0,0,0,1,2147483652,5,1,0,1,1,Sess,1,1,4,0,2,4,Conn,1,0x2b9dd895a330,4,1460,198376,654592,owm_tcp_accel,123,2202927103,758535,0,0x2b9dd895a030,4,1460,4918,31104,cubic,1,Fifo,0x2b9fa4bda790,2097152,2091472,5680,92672,0x2b9fa4bdb8a8,3145728,0,3145728,0,3145728,2097152,,Pool:tbd
06:57:45,616,0,49669->443,849220695634,TXUE,Proxy,0,0,0,0,0,1,2147483652,5,1,0,1,1,Sess,1,1,4,0,2,4,Conn,1,0x2b9dd895a330,4,1460,198376,657408,owm_tcp_accel,123,2202927103,758535,0,0x2b9dd895a030,4,1460,4918,31104,cubic,1,Fifo,0x2b9fa4bda790,2097152,2090024,7128,92672,0x2b9fa4bdb8a8,3145728,0,3145728,0,3145728,2097152,,Pool:tbd
06:57:45,618,0,49669->443,849223702073,TXUE,Proxy,0,0,0,0,0,1,2147483652,5,1,0,1,1,Sess,1,1,4,0,2,4,Conn,1,0x2b9dd895a330,4,1460,198376,660352,owm_tcp_accel,123,2202927103,758535,0,0x2b9dd895a030,4,1460,4918,31104,cubic,1,Fifo,0x2b9fa4bda790,2097152,2094376,2776,94120,0x2b9fa4bdb8a8,3145728,0,3145728,0,3145728,2097152,,Pool:tbd
06:57:45,620,0,49669->443,849225696638,TXUE,Proxy,0,0,0,0,0,1,2147483652,5,1,0,1,1,Sess,1,1,4,0,2,4,Conn,1,0x2b9dd895a330,4,1460,198376,663296,owm_tcp_accel,123,2202927103,758535,0,0x2b9dd895a030,4,1460,4918,31104,cubic,1,Fifo,0x2b9fa4bda790,2097152,2094296,2856,94120,0x2b9fa4bdb8a8,3145728,0,3145728,0,3145728,2097152,,Pool:tbd
06:57:45,622,0,49669->443,849227710394,TXUE,Proxy,0,0,0,0,0,1,2147483652,5,1,0,1,1,Sess,1,1,4,0,2,4,Conn,1,0x2b9dd895a330,4,1460,198376,666112,owm_tcp_accel,123,2202927103,758535,0,0x2b9dd895a030,4,1460,4918,31104,cubic,1,Fifo,0x2b9fa4bda790,2097152,2092848,4304,94120,0x2b9fa4bdb8a8,3145728,0,3145728,0,3145728,2097152,,Pool:tbd
06:57:45,624,0,49669->443,849230706264,TXUE,Proxy,0,0,0,0,0,1,2147483652,5,1,0,1,1,Sess,1,1,4,0,2,4,Conn,1,0x2b9dd895a330,4,1460,198376,669056,owm_tcp_accel,124,2202927103,758535,0,0x2b9dd895a030,4,1460,4918,31104,cubic,1,Fifo,0x2b9fa4bda790,2097152,2091400,5752,95568,0x2b9fa4bdb8a8,3145728,0,3145728,0,3145728,2097152,,Pool:tbd
06:57:45,626,0,49669->443,849232710108,TXUE,Proxy,0,0,0,0,0,1,2147483652,5,1,0,1,1,Sess,1,1,4,0,2,4,Conn,1,0x2b9dd895a330,4,1460,198376,671872,owm_tcp_accel,124,2202927103,758535,0,0x2b9dd895a030,4,1460,4918,31104,cubic,1,Fifo,0x2b9fa4bda790,2097152,2089952,7200,95568,0x2b9fa4bdb8a8,3145728,0,3145728,0,3145728,2097152,,Pool:tbd
06:57:45,628,0,49669->443,849235704474,TXUE,Proxy,0,0,0,0,0,1,2147483652,5,1,0,1,1,Sess,1,1,4,0,2,4,Conn,1,0x2b9dd895a330,4,1460,198376,674816,owm_tcp_accel,125,2202927103,758535,0,0x2b9dd895a030,4,1460,4918,31104,cubic,1,Fifo,0x2b9fa4bda790,2097152,2089952,7200,95568,0x2b9fa4bdb8a8,3145728,0,3145728,0,3145728,2097152,,Pool:tbd
06:57:45,630,0,49669->443,849237709064,TXUE,Proxy,0,0,0,0,0,1,2147483652,5,1,0,1,1,Sess,1,1,4,0,2,4,Conn,1,0x2b9dd895a330,4,1460,198376,677760,owm_tcp_accel,125,2202927103,758535,0,0x2b9dd895a030,4,1460,4918,31104,cubic,1,Fifo,0x2b9fa4bda790,2097152,2088504,8648,95568,0x2b9fa4bdb8a8,3145728,0,3145728,0,3145728,2097152,,Pool:tbd
06:57:45,632,0,49669->443,849239722761,TXUE,Proxy,0,0,0,0,0,1,2147483652,5,1,0,1,1,Sess,1,1,4,0,2,4,Conn,1,0x2b9dd895a330,4,1460,198376,680576,owm_tcp_accel,125,2202927103,758535,0,0x2b9dd895a030,4,1460,4918,31104,cubic,1,Fifo,0x2b9fa4bda790,2097152,2087056,10096,95568,0x2b9fa4bdb8a8,3145728,0,3145728,0,3145728,2097152,,Pool:tbd
06:57:45,634,0,49669->443,849242730246,TXUE,Proxy,0,0,0,0,0,1,2147483652,5,1,0,1,1,Sess,1,1,4,0,2,4,Conn,1,0x2b9dd895a330,4,1460,198376,683520,owm_tcp_accel,126,2202927103,758535,0,0x2b9dd895a030,4,1460,4918,31104,cubic,1,Fifo,0x2b9fa4bda790,2097152,2085608,11544,97016,0x2b9fa4bdb8a8,3145728,0,3145728,0,3145728,2097152,,Pool:tbd
06:57:45,636,0,49669->443,849244710539,TXUE,Proxy,0,0,0,0,0,1,2147483652,5,1,0,1,1,Sess,1,1,4,0,2,4,Conn,1,0x2b9dd895a330,4,1460,198376,686464,owm_tcp_accel,126,2202927103,758535,0,0x2b9dd895a030,4,1460,4918,31104,cubic,1,Fifo,0x2b9fa4bda790,2097152,2084160,12992,97016,0x2b9fa4bdb8a8,3145728,0,3145728,0,3145728,2097152,,Pool:tbd
06:57:45,638,0,49669->443,849247704554,TXUE,Proxy,0,0,0,0,0,1,2147483652,5,1,0,1,1,Sess,1,1,4,0,2,4,Conn,1,0x2b9dd895a330,4,1460,198376,689280,owm_tcp_accel,127,2202927103,758535,0,0x2b9dd895a030,4,1460,4918,31104,cubic,1,Fifo,0x2b9fa4bda790,2097152,2082712,14440,97016,0x2b9fa4bdb8a8,3145728,0,3145728,0,3145728,2097152,,Pool:tbd
06:57:45,640,0,49669->443,849249720436,TXUE,Proxy,0,0,0,0,0,1,2147483652,5,1,0,1,1,Sess,1,1,4,0,2,4,Conn,1,0x2b9dd895a330,4,1460,198376,692224,owm_tcp_accel,127,2202927103,758535,0,0x2b9dd895a030,4,1460,4918,31104,cubic,1,Fifo,0x2b9fa4bda790,2097152,2081264,15888,97016,0x2b9fa4bdb8a8,3145728,0,3145728,0,3145728,2097152,,Pool:tbd
06:57:45,642,0,49669->443,849251708159,TXUE,Proxy,0,0,0,0,0,1,2147483652,5,1,0,1,1,Sess,1,1,4,0,2,4,Conn,1,0x2b9dd895a330,4,1460,198376,695040,owm_tcp_accel,127,2202927103,758535,0,0x2b9dd895a030,4,1460,4918,31104,cubic,1,Fifo,0x2b9fa4bda790,2097152,2079816,17336,97016,0x2b9fa4bdb8a8,3145728,0,3145728,0,3145728,2097152,,Pool:tbd
06:57:45,644,0,49669->443,849254717649,TXUE,Proxy,0,0,0,0,0,1,2147483652,5,1,0,1,1,Sess,1,1,4,0,2,4,Conn,1,0x2b9dd895a330,4,1460,198376,697984,owm_tcp_accel,128,2202927103,758535,0,0x2b9dd895a030,4,1460,4918,31104,cubic,1,Fifo,0x2b9fa4bda790,2097152,2078368,18784,98464,0x2b9fa4bdb8a8,3145728,0,3145728,0,3145728,2097152,,Pool:tbd
06:57:45,646,0,49669->443,849256726755,TXUE,Proxy,0,0,0,0,0,1,2147483652,5,1,0,1,1,Sess,1,1,4,0,2,4,Conn,1,0x2b9dd895a330,4,1460,198376,700928,owm_tcp_accel,128,2202927103,455121,0,0x2b9dd895a030,4,1460,4918,31104,cubic,1,Fifo,0x2b9fa4bda790,2097152,2076920,20232,98464,0x2b9fa4bdb8a8,3145728,0,3145728,0,3145728,2097152,,Pool:tbd
06:57:45,648,0,49669->443,849259718971,TXUE,Proxy,0,0,0,0,0,1,2147483652,5,1,0,1,1,Sess,1,1,4,0,2,4,Conn,1,0x2b9dd895a330,4,1460,198376,703744,owm_tcp_accel,129,2202927103,455121,0,0x2b9dd895a030,4,1460,4918,31104,cubic,1,Fifo,0x2b9fa4bda790,2097152,2075472,21680,98464,0x2b9fa4bdb8a8,3145728,0,3145728,0,3145728,2097152,,Pool:tbd
06:57:45,650,0,49669->443,849261713647,TXUE,Proxy,0,0,0,0,0,1,2147483652,5,1,0,1,1,Sess,1,1,4,0,2,4,Conn,1,0x2b9dd895a330,4,1460,198376,706688,owm_tcp_accel,129,2202927103,455121,0,0x2b9dd895a030,4,1460,4918,31104,cubic,1,Fifo,0x2b9fa4bda790,2097152,2074024,23128,97016,0x2b9fa4bdb8a8,3145728,0,3145728,0,3145728,2097152,,Pool:tbd
06:57:45,652,0,49669->443,849263711278,TXUE,Proxy,0,0,0,0,0,1,2147483652,5,1,0,1,1,Sess,1,1,4,0,2,4,Conn,1,0x2b9dd895a330,4,1460,198376,709632,owm_tcp_accel,129,2202927103,455121,0,0x2b9dd895a030,4,1460,4918,31104,cubic,1,Fifo,0x2b9fa4bda790,2097152,2072576,24576,97016,0x2b9fa4bdb8a8,3145728,0,3145728,0,3145728,2097152,,Pool:tbd
06:57:45,654,0,49669->443,849266708653,TXUE,Proxy,0,0,0,0,0,1,2147483652,5,1,0,1,1,Sess,1,1,4,0,2,4,Conn,1,0x2b9dd895a330,4,1460,198376,712448,owm_tcp_accel,130,2202927103,455121,0,0x2b9dd895a030,4,1460,4918,31104,cubic,1,Fifo,0x2b9fa4bda790,2097152,2071128,26024,97016,0x2b9fa4bdb8a8,3145728,0,3145728,0,3145728,2097152,,Pool:tbd
06:57:45,720,0,49669->443,849422707511,TXUE,Proxy,0,0,0,0,0,1,2147483652,5,1,0,1,1,Sess,1,1,4,0,2,4,Conn,1,0x2b9dd895a330,4,1460,182448,816768,owm_tcp_accel,130,2202927103,606828,0,0x2b9dd895a030,4,1460,4918,31104,cubic,1,Fifo,0x2b9fa4bda790,2097152,2068232,28920,59368,0x2b9fa4bdb8a8,3145728,0,3145728,0,3145728,2097152,,Pool:tbd
06:57:45,722,0,49669->443,849424710008,TXUE,Proxy,0,0,0,0,0,1,2147483652,5,1,0,1,1,Sess,1,1,4,0,2,4,Conn,1,0x2b9dd895a330,4,1460,198376,780672,owm_tcp_accel,130,2202927103,606828,0,0x2b9dd895a030,4,1460,4918,31104,cubic,1,Fifo,0x2b9fa4bda790,2097152,2032032,65120,59368,0x2b9fa4bdb8a8,3145728,0,3145728,0,3145728,2097152,,Pool:tbd
06:57:45,729,0,49669->443,849455743433,TXUE,Proxy,0,0,0,0,0,1,2147483652,5,1,0,1,1,Sess,1,1,4,0,2,4,Conn,1,0x2b9dd895a330,4,1460,198376,806272,owm_tcp_accel,130,2202927103,606828,0,0x2b9dd895a030,4,1460,4918,31104,cubic,1,Fifo,0x2b9fa4bda790,2097152,2088464,8688,62264,0x2b9fa4bdb8a8,3145728,0,3145728,0,3145728,2097152,,Pool:tbd
06:57:45,734,0,49669->443,849467725755,TXUE,Proxy,0,0,0,0,0,1,2147483652,5,1,0,1,1,Sess,1,1,4,0,2,4,Conn,1,0x2b9dd895a330,4,1460,198376,812544,owm_tcp_accel,130,2202927103,606828,0,0x2b9dd895a030,4,1460,4918,31104,cubic,1,Fifo,0x2b9fa4bda790,2097152,2035176,61976,62264,0x2b9fa4bdb8a8,3145728,0,3145728,0,3145728,2097152,,Pool:tbd
06:57:45,736,0,49669->443,849469694989,TXUE,Proxy,0,0,0,0,0,1,2147483652,5,1,0,1,1,Sess,1,1,4,0,2,4,Conn,1,0x2b9dd895a330,4,1460,198376,822528,owm_tcp_accel,129,2202927103,606828,0,0x2b9dd895a030,4,1460,4918,31104,cubic,1,Fifo,0x2b9fa4bda790,2097152,2074984,22168,60816,0x2b9fa4bdb8a8,3145728,0,3145728,0,3145728,2097152,,Pool:tbd
06:57:45,738,0,49669->443,849471695009,TXUE,Proxy,0,0,0,0,0,1,2147483652,5,1,0,1,1,Sess,1,1,4,0,2,4,Conn,1,0x2b9dd895a330,4,1460,198376,825472,owm_tcp_accel,128,2202927103,606828,0,0x2b9dd895a030,4,1460,4918,31104,cubic,1,Fifo,0x2b9fa4bda790,2097152,2095256,1896,60816,0x2b9fa4bdb8a8,3145728,0,3145728,0,3145728,2097152,,Pool:tbd
06:57:45,740,0,49669->443,849474707561,TXUE,Proxy,0,0,0,0,0,1,2147483652,5,1,0,1,1,Sess,1,1,4,0,2,4,Conn,1,0x2b9dd895a330,4,1460,198376,828288,owm_tcp_accel,127,2202927103,606828,0,0x2b9dd895a030,4,1460,4918,31104,cubic,1,Fifo,0x2b9fa4bda790,2097152,2095704,1448,60816,0x2b9fa4bdb8a8,3145728,0,3145728,0,3145728,2097152,,Pool:tbd
06:57:45,742,0,49669->443,849476700136,TXUE,Proxy,0,0,0,0,0,1,2147483652,5,1,0,1,1,Sess,1,1,4,0,2,4,Conn,1,0x2b9dd895a330,4,1460,198376,831232,owm_tcp_accel,126,2202927103,606828,0,0x2b9dd895a030,4,1460,4918,31104,cubic,1,Fifo,0x2b9fa4bda790,2097152,2094256,2896,60816,0x2b9fa4bdb8a8,3145728,0,3145728,0,3145728,2097152,,Pool:tbd
06:57:45,744,0,49669->443,849479715956,TXUE,Proxy,0,0,0,0,0,1,2147483652,5,1,0,1,1,Sess,1,1,4,0,2,4,Conn,1,0x2b9dd895a330,4,1460,198376,834048,owm_tcp_accel,125,2202927103,606828,0,0x2b9dd895a030,4,1460,4918,31104,cubic,1,Fifo,0x2b9fa4bda790,2097152,2092808,4344,60816,0x2b9fa4bdb8a8,3145728,0,3145728,0,3145728,2097152,,Pool:tbd
06:57:45,746,0,49669->443,849481702100,TXUE,Proxy,0,0,0,0,0,1,2147483652,5,1,0,1,1,Sess,1,1,4,0,2,4,Conn,1,0x2b9dd895a330,4,1460,198376,836992,owm_tcp_accel,124,2202927103,606828,0,0x2b9dd895a030,4,1460,4918,31104,cubic,1,Fifo,0x2b9fa4bda790,2097152,2091360,5792,60816,0x2b9fa4bdb8a8,3145728,0,3145728,0,3145728,2097152,,Pool:tbd
06:57:45,748,0,49669->443,849483705328,TXUE,Proxy,0,0,0,0,0,1,2147483652,5,1,0,1,1,Sess,1,1,4,0,2,4,Conn,1,0x2b9dd895a330,4,1460,198376,839936,owm_tcp_accel,123,2202927103,606828,0,0x2b9dd895a030,4,1460,4918,31104,cubic,1,Fifo,0x2b9fa4bda790,2097152,2091384,5768,60816,0x2b9fa4bdb8a8,3145728,0,3145728,0,3145728,2097152,,Pool:tbd
06:57:45,750,0,49669->443,849489717126,TXUE,Proxy,0,0,0,0,0,1,2147483652,5,1,0,1,1,Sess,1,1,4,0,2,4,Conn,1,0x2b9dd895a330,4,1460,198376,845696,owm_tcp_accel,123,2202927103,606828,0,0x2b9dd895a030,4,1460,4918,31104,cubic,1,Fifo,0x2b9fa4bda790,2097152,2088488,8664,60816,0x2b9fa4bdb8a8,3145728,0,3145728,0,3145728,2097152,,Pool:tbd
06:57:45,752,0,49669->443,849492727610,TXUE,Proxy,0,0,0,0,0,1,2147483652,5,1,0,1,1,Sess,1,1,4,0,2,4,Conn,1,0x2b9dd895a330,4,1460,198376,848640,owm_tcp_accel,123,2202927103,606828,0,0x2b9dd895a030,4,1460,4918,31104,cubic,1,Fifo,0x2b9fa4bda790,2097152,2087040,10112,60816,0x2b9fa4bdb8a8,3145728,0,3145728,0,3145728,2097152,,Pool:tbd
06:57:45,754,0,49669->443,849494715049,TXUE,Proxy,0,0,0,0,0,1,2147483652,5,1,0,1,1,Sess,1,1,4,0,2,4,Conn,1,0x2b9dd895a330,4,1460,198376,851456,owm_tcp_accel,123,2202927103,606828,0,0x2b9dd895a030,4,1460,4918,31104,cubic,1,Fifo,0x2b9fa4bda790,2097152,2085592,11560,60816,0x2b9fa4bdb8a8,3145728,0,3145728,0,3145728,2097152,,Pool:tbd
06:57:45,756,0,49669->443,849496726792,TXUE,Proxy,0,0,0,0,0,1,2147483652,5,1,0,1,1,Sess,1,1,4,0,2,4,Conn,1,0x2b9dd895a330,4,1460,198376,854400,owm_tcp_accel,123,2202927103,606828,0,0x2b9dd895a030,4,1460,4918,31104,cubic,1,Fifo,0x2b9fa4bda790,2097152,2084144,13008,60816,0x2b9fa4bdb8a8,3145728,0,3145728,0,3145728,2097152,,Pool:tbd
06:57:45,758,0,49669->443,849499717697,TXUE,Proxy,0,0,0,0,0,1,2147483652,5,1,0,1,1,Sess,1,1,4,0,2,4,Conn,1,0x2b9dd895a330,4,1460,198376,857216,owm_tcp_accel,123,2202927103,606828,0,0x2b9dd895a030,4,1460,4918,31104,cubic,1,Fifo,0x2b9fa4bda790,2097152,2082696,14456,60816,0x2b9fa4bdb8a8,3145728,0,3145728,0,3145728,2097152,,Pool:tbd
06:57:45,760,0,49669->443,849501891621,TXUE,Proxy,0,0,0,0,0,1,2147483652,5,1,0,1,1,Sess,1,1,4,0,2,4,Conn,1,0x2b9dd895a330,4,1460,198376,860160,owm_tcp_accel,123,2202927103,606828,0,0x2b9dd895a030,4,1460,4918,31104,cubic,1,Fifo,0x2b9fa4bda790,2097152,2081248,15904,60816,0x2b9fa4bdb8a8,3145728,0,3145728,0,3145728,2097152,,Pool:tbd
06:57:45,762,0,49669->443,849504738912,TXUE,Proxy,0,0,0,0,0,1,2147483652,5,1,0,1,1,Sess,1,1,4,0,2,4,Conn,1,0x2b9dd895a330,4,1460,198376,863104,owm_tcp_accel,123,2202927103,606828,0,0x2b9dd895a030,4,1460,4918,31104,cubic,1,Fifo,0x2b9fa4bda790,2097152,2079800,17352,60816,0x2b9fa4bdb8a8,3145728,0,3145728,0,3145728,2097152,,Pool:tbd
06:57:45,764,0,49669->443,849506702590,TXUE,Proxy,0,0,0,0,0,1,2147483652,5,1,0,1,1,Sess,1,1,4,0,2,4,Conn,1,0x2b9dd895a330,4,1460,198376,865920,owm_tcp_accel,123,2202927103,606828,0,0x2b9dd895a030,4,1460,4918,31104,cubic,1,Fifo,0x2b9fa4bda790,2097152,2078352,18800,60816,0x2b9fa4bdb8a8,3145728,0,3145728,0,3145728,2097152,,Pool:tbd
06:57:45,766,0,49669->443,849508726670,TXUE,Proxy,0,0,0,0,0,1,2147483652,5,1,0,1,1,Sess,1,1,4,0,2,4,Conn,1,0x2b9dd895a330,4,1460,198376,868864,owm_tcp_accel,122,2202927103,606828,0,0x2b9dd895a030,4,1460,4918,31104,cubic,1,Fifo,0x2b9fa4bda790,2097152,2076904,20248,60816,0x2b9fa4bdb8a8,3145728,0,3145728,0,3145728,2097152,,Pool:tbd
06:57:45,768,0,49669->443,849512715864,TXUE,Proxy,0,0,0,0,0,1,2147483652,5,1,0,1,1,Sess,1,1,4,0,2,4,Conn,1,0x2b9dd895a330,4,1460,198376,871808,owm_tcp_accel,122,2202927103,606828,0,0x2b9dd895a030,4,1460,4918,31104,cubic,1,Fifo,0x2b9fa4bda790,2097152,2075456,21696,60816,0x2b9fa4bdb8a8,3145728,0,3145728,0,3145728,2097152,,Pool:tbd
06:57:45,770,0,49669->443,849514700305,TXUE,Proxy,0,0,0,0,0,1,2147483652,5,1,0,1,1,Sess,1,1,4,0,2,4,Conn,1,0x2b9dd895a330,4,1460,198376,874624,owm_tcp_accel,122,2202927103,606828,0,0x2b9dd895a030,4,1460,4918,31104,cubic,1,Fifo,0x2b9fa4bda790,2097152,2074008,23144,60816,0x2b9fa4bdb8a8,3145728,0,3145728,0,3145728,2097152,,Pool:tbd
06:57:45,772,0,49669->443,849517713353,TXUE,Proxy,0,0,0,0,0,1,2147483652,5,1,0,1,1,Sess,1,1,4,0,2,4,Conn,1,0x2b9dd895a330,4,1460,198376,877568,owm_tcp_accel,122,2202927103,606828,0,0x2b9dd895a030,4,1460,4918,31104,cubic,1,Fifo,0x2b9fa4bda790,2097152,2072560,24592,60816,0x2b9fa4bdb8a8,3145728,0,3145728,0,3145728,2097152,,Pool:tbd
06:57:45,774,0,49669->443,849519696953,TXUE,Proxy,0,0,0,0,0,1,2147483652,5,1,0,1,1,Sess,1,1,4,0,2,4,Conn,1,0x2b9dd895a330,4,1460,198376,880384,owm_tcp_accel,122,2202927103,606828,0,0x2b9dd895a030,4,1460,4918,31104,cubic,1,Fifo,0x2b9fa4bda790,2097152,2071112,26040,60816,0x2b9fa4bdb8a8,3145728,0,3145728,0,3145728,2097152,,Pool:tbd
06:57:45,776,0,49669->443,849521729576,TXUE,Proxy,0,0,0,0,0,1,2147483652,5,1,0,1,1,Sess,1,1,4,0,2,4,Conn,1,0x2b9dd895a330,4,1460,198376,883328,owm_tcp_accel,122,2202927103,606828,0,0x2b9dd895a030,4,1460,4918,31104,cubic,1,Fifo,0x2b9fa4bda790,2097152,2069664,27488,60816,0x2b9fa4bdb8a8,3145728,0,3145728,0,3145728,2097152,,Pool:tbd
06:57:45,778,0,49669->443,849525700484,TXUE,Proxy,0,0,0,0,0,1,2147483652,5,1,0,1,1,Sess,1,1,4,0,2,4,Conn,1,0x2b9dd895a330,4,1460,198376,886272,owm_tcp_accel,122,2202927103,606828,0,0x2b9dd895a030,4,1460,4918,31104,cubic,1,Fifo,0x2b9fa4bda790,2097152,2068216,28936,62264,0x2b9fa4bdb8a8,3145728,0,3145728,0,3145728,2097152,,Pool:tbd
06:57:45,826,0,49669->443,849658921270,TXUE,Proxy,0,0,0,0,0,1,2147483652,5,1,0,1,1,Sess,1,1,4,0,2,4,Conn,1,0x2b9dd895a330,4,1460,198376,832640,owm_tcp_accel,122,2202927103,606828,0,0x2b9dd895a030,4,1460,4918,31104,cubic,1,Fifo,0x2b9fa4bda790,2097152,2003056,94096,62264,0x2b9fa4bdb8a8,3145728,0,3145728,0,3145728,2097152,,Pool:tbd
06:57:45,828,0,49669->443,849660736127,TXUE,Proxy,0,0,0,0,0,1,2147483652,5,1,0,1,1,Sess,1,1,4,0,2,4,Conn,1,0x2b9dd895a330,4,1460,198376,897792,owm_tcp_accel,122,2202927103,606828,0,0x2b9dd895a030,4,1460,4918,31104,cubic,1,Fifo,0x2b9fa4bda790,2097152,2001608,95544,60816,0x2b9fa4bdb8a8,3145728,0,3145728,0,3145728,2097152,,Pool:tbd
06:57:45,830,0,49669->443,849665720477,TXUE,Proxy,0,0,0,0,0,1,2147483652,5,1,0,1,1,Sess,1,1,4,0,2,4,Conn,1,0x2b9dd895a330,4,1460,198376,897792,owm_tcp_accel,122,2202927103,606828,0,0x2b9dd895a030,4,1460,4918,31104,cubic,1,Fifo,0x2b9fa4bda790,2097152,1998712,98440,60816,0x2b9fa4bdb8a8,3145728,0,3145728,0,3145728,2097152,,Pool:tbd
06:57:45,832,0,49669->443,849667711594,TXUE,Proxy,0,0,0,0,0,1,2147483652,5,1,0,1,1,Sess,1,1,4,0,2,4,Conn,1,0x2b9dd895a330,4,1460,198376,897792,owm_tcp_accel,122,2202927103,606828,0,0x2b9dd895a030,4,1460,4918,31104,cubic,1,Fifo,0x2b9fa4bda790,2097152,1997264,99888,60816,0x2b9fa4bdb8a8,3145728,0,3145728,0,3145728,2097152,,Pool:tbd
06:57:45,834,0,49669->443,849671704381,TXUE,Proxy,0,0,0,0,0,1,2147483652,5,1,0,1,1,Sess,1,1,4,0,2,4,Conn,1,0x2b9dd895a330,4,1460,198376,897792,owm_tcp_accel,122,2202927103,606828,0,0x2b9dd895a030,4,1460,4918,31104,cubic,1,Fifo,0x2b9fa4bda790,2097152,1995816,101336,62264,0x2b9fa4bdb8a8,3145728,0,3145728,0,3145728,2097152,,Pool:tbd
06:57:45,836,0,49669->443,849673698591,TXUE,Proxy,0,0,0,0,0,1,2147483652,5,1,0,1,1,Sess,1,1,4,0,2,4,Conn,1,0x2b9dd895a330,4,1460,198376,897792,owm_tcp_accel,122,2202927103,606828,0,0x2b9dd895a030,4,1460,4918,31104,cubic,1,Fifo,0x2b9fa4bda790,2097152,1994368,102784,60816,0x2b9fa4bdb8a8,3145728,0,3145728,0,3145728,2097152,,Pool:tbd
06:57:45,838,0,49669->443,849676709889,TXUE,Proxy,0,0,0,0,0,1,2147483652,5,1,0,1,1,Sess,1,1,4,0,2,4,Conn,1,0x2b9dd895a330,4,1460,198376,897792,owm_tcp_accel,122,2202927103,606828,0,0x2b9dd895a030,4,1460,4918,31104,cubic,1,Fifo,0x2b9fa4bda790,2097152,1992920,104232,62264,0x2b9fa4bdb8a8,3145728,0,3145728,0,3145728,2097152,,Pool:tbd
06:57:45,840,0,49669->443,849678695598,TXUE,Proxy,0,0,0,0,0,1,2147483652,5,1,0,1,1,Sess,1,1,4,0,2,4,Conn,1,0x2b9dd895a330,4,1460,198376,897792,owm_tcp_accel,122,2202927103,606828,0,0x2b9dd895a030,4,1460,4918,31104,cubic,1,Fifo,0x2b9fa4bda790,2097152,1991472,105680,60816,0x2b9fa4bdb8a8,3145728,0,3145728,0,3145728,2097152,,Pool:tbd
06:57:45,842,0,49669->443,849680695806,TXUE,Proxy,0,0,0,0,0,1,2147483652,5,1,0,1,1,Sess,1,1,4,0,2,4,Conn,1,0x2b9dd895a330,4,1460,198376,897792,owm_tcp_accel,122,2202927103,606828,0,0x2b9dd895a030,4,1460,4918,31104,cubic,1,Fifo,0x2b9fa4bda790,2097152,1990024,107128,60816,0x2b9fa4bdb8a8,3145728,0,3145728,0,3145728,2097152,,Pool:tbd
06:57:45,844,0,49669->443,849683707457,TXUE,Proxy,0,0,0,0,0,1,2147483652,5,1,0,1,1,Sess,1,1,4,0,2,4,Conn,1,0x2b9dd895a330,4,1460,198376,897792,owm_tcp_accel,122,2202927103,606828,0,0x2b9dd895a030,4,1460,4918,31104,cubic,1,Fifo,0x2b9fa4bda790,2097152,2011272,85880,60816,0x2b9fa4bdb8a8,3145728,0,3145728,0,3145728,2097152,,Pool:tbd
06:57:45,846,0,49669->443,849685713928,TXUE,Proxy,0,0,0,0,0,1,2147483652,5,1,0,1,1,Sess,1,1,4,0,2,4,Conn,1,0x2b9dd895a330,4,1460,198376,897792,owm_tcp_accel,122,2202927103,606828,0,0x2b9dd895a030,4,1460,4918,31104,cubic,1,Fifo,0x2b9fa4bda790,2097152,2074984,22168,60816,0x2b9fa4bdb8a8,3145728,0,3145728,0,3145728,2097152,,Pool:tbd
06:57:45,848,0,49669->443,849688685564,TXUE,Proxy,0,0,0,0,0,1,2147483652,5,1,0,1,1,Sess,1,1,4,0,2,4,Conn,1,0x2b9dd895a330,4,1460,198376,897792,owm_tcp_accel,122,2202927103,606828,0,0x2b9dd895a030,4,1460,4918,31104,cubic,1,Fifo,0x2b9fa4bda790,2097152,2095256,1896,60816,0x2b9fa4bdb8a8,3145728,0,3145728,0,3145728,2097152,,Pool:tbd
06:57:45,850,0,49669->443,849690682514,TXUE,Proxy,0,0,0,0,0,1,2147483652,5,1,0,1,1,Sess,1,1,4,0,2,4,Conn,1,0x2b9dd895a330,4,1460,198376,897792,owm_tcp_accel,122,2202927103,606828,0,0x2b9dd895a030,4,1460,4918,31104,cubic,1,Fifo,0x2b9fa4bda790,2097152,2095704,1448,60816,0x2b9fa4bdb8a8,3145728,0,3145728,0,3145728,2097152,,Pool:tbd
06:57:45,852,0,49669->443,849692690848,TXUE,Proxy,0,0,0,0,0,1,2147483652,5,1,0,1,1,Sess,1,1,4,0,2,4,Conn,1,0x2b9dd895a330,4,1460,198376,897792,owm_tcp_accel,122,2202927103,606828,0,0x2b9dd895a030,4,1460,4918,31104,cubic,1,Fifo,0x2b9fa4bda790,2097152,2094256,2896,60816,0x2b9fa4bdb8a8,3145728,0,3145728,0,3145728,2097152,,Pool:tbd
06:57:45,854,0,49669->443,849703705162,TXUE,Proxy,0,0,0,0,0,1,2147483652,5,1,0,1,1,Sess,1,1,4,0,2,4,Conn,1,0x2b9dd895a330,4,1460,198376,897792,owm_tcp_accel,123,2202927103,606828,0,0x2b9dd895a030,4,1460,4918,31104,cubic,1,Fifo,0x2b9fa4bda790,2097152,2091360,5792,63712,0x2b9fa4bdb8a8,3145728,0,3145728,0,3145728,2097152,,Pool:tbd
06:57:45,856,0,49669->443,849712718844,TXUE,Proxy,0,0,0,0,0,1,2147483652,5,1,0,1,1,Sess,1,1,4,0,2,4,Conn,1,0x2b9dd895a330,4,1460,198376,897792,owm_tcp_accel,123,2202927103,606828,0,0x2b9dd895a030,4,1460,4918,31104,cubic,1,Fifo,0x2b9fa4bda790,2097152,2092856,4296,66608,0x2b9fa4bdb8a8,3145728,0,3145728,0,3145728,2097152,,Pool:tbd
06:57:45,858,0,49669->443,849719697041,TXUE,Proxy,0,0,0,0,0,1,2147483652,5,1,0,1,1,Sess,1,1,4,0,2,4,Conn,1,0x2b9dd895a330,4,1460,198376,897792,owm_tcp_accel,123,2202927103,606828,0,0x2b9dd895a030,4,1460,4918,31104,cubic,1,Fifo,0x2b9fa4bda790,2097152,2092904,4248,68056,0x2b9fa4bdb8a8,3145728,0,3145728,0,3145728,2097152,,Pool:tbd
06:57:45,860,0,49669->443,849724745669,TXUE,Proxy,0,0,0,0,0,1,2147483652,5,1,0,1,1,Sess,1,1,4,0,2,4,Conn,1,0x2b9dd895a330,4,1460,198376,897792,owm_tcp_accel,123,2202927103,606828,0,0x2b9dd895a030,4,1460,4918,31104,cubic,1,Fifo,0x2b9fa4bda790,2097152,2090008,7144,68056,0x2b9fa4bdb8a8,3145728,0,3145728,0,3145728,2097152,,Pool:tbd
06:57:45,862,0,49669->443,849730702155,TXUE,Proxy,0,0,0,0,0,1,2147483652,5,1,0,1,1,Sess,1,1,4,0,2,4,Conn,1,0x2b9dd895a330,4,1460,198376,897792,owm_tcp_accel,123,2202927103,606828,0,0x2b9dd895a030,4,1460,4918,31104,cubic,1,Fifo,0x2b9fa4bda790,2097152,2092912,4240,68056,0x2b9fa4bdb8a8,3145728,0,3145728,0,3145728,2097152,,Pool:tbd
